,Country,Population,Proporcion_mundial,export_million_USD,porcentaje_GDP,Year_exp_data,import_million_USD,Year_imp_data,Leading_Export_Market,Leading_Import_Market,oil_export_bbl_day,year_oil_export_data,oil_production_bbl_day,oil_production_bbl_day_per_capita,Currency,Fiscal year,Trade organizations,Country group,GDP,GDP rank,GDP growth,GDP per capita,GDP per capita rank,GDP by sector,GDP by component,Inflation (CPI),Population below poverty line,Gini coefficient,Human Development Index,Labor force,Labor force by occupation,Unemployment,Main industries,Ease-of-doing-business rank,Export goods,Main export partners,Import goods,Main import partners,FDI stock,Current account,Gross external debt,Public debt,Budget balance,Revenues,Expenses,Credit rating,Foreign reserves,Trade organisations,Base borrowing rate,Labour force,Labour force by occupation,Net international investment position,Economic aid,Average gross salary,Median gross salary,Fixed exchange rates,Average net salary,Median net salary
0,China,1407460640,17.9%,2643376,11.8%,2019,"2068950
","2019
", United States," European Union
","33,000","2013 est.
","3,888,989","2,836
",Renminbi Yuan CN¥1,Calendar year,"WTO, BRICS, SCO, APEC, RCEP, G-20, G77 and others",Developing/Emerging[1]Upper-middle income economy[2]Newly industrialized country,$15.66 trillion (nominal; 2020)[4][5] $23.39 trillion (PPP; 2019)[6],2nd (nominal; 2021 est.)1st (PPP; 2021 est.),6.7% (2018) 6.0% (2019)2.3% (2020) 8.1% (2021f)[7][8],"$11,819 (nominal; 2021 est.)[6] $18,931 (PPP; 2021 est.)[6]",56th (nominal; 2021 est.)70th (PPP; 2021 est.),Agriculture: 7.9%Industry: 40.5%Services: 51.6%(2017)[3],Household consumption: 39.1%Government consumption: 14.5%Investment in fixed capital: 42.7%Investment in inventories: 1.7%Exports of goods and services: 20.4%Imports of goods and services: −18.4%(2017 est.)[3],2.9% (2020 est.)[6],0.6% (2019)[9][note 1] 0% on less than $1.90/day (2020) 1.8% on less than $3.20/day (2020) 6.6% on less than $5.50/day (2020),46.7 high (2018)[10][note 2],0.761 high (2019)[11] (85th) 0.639 medium IHDI (2019)[12],"778,700,553 (2020)[13] (1st) 67.4% employment rate (2019)[14]",Agriculture: 27%Industry: 29%Services: 44%(FY 2018)[15],3.8% (2020 est.)[6] 10.6% youth unemployment (2019)[16][note 3],Miningore processingironsteelaluminumand other metalscoalmachine buildingarmamentstextilesapparelpetroleumcementchemicalsfertilizerfood processinginformation technologytransportation equipmentautomobilesrailcarstelecoms equipmentlocomotivesshipsaircraftspace launch vehiclessatellitesconsumer products (including footweartoyselectronics)military equipmentfinancial serviceselectric power,"31st (very easy, 2020)[17]",Agricultural products 3.2%Fuels and mining products 2.4%Manufacturers 94.3%Others 0.1%[19],European Union(-) 17.2% United States(-) 16.7% ASEAN(+) 12.83% Hong Kong(+) 12.16% Japan(+) 5.91% South Korea(+) 4.37% India(-) 3.08% Russia(+) 2.64%Others 23.33%[19],Agricultural products 9.5%Fuels and mining products 21.3%Manufacturers 64.4%Others 4.8%[19],European Union(-) 12.82% ASEAN(+) 12.58% South Korea (+)9.58% Japan(+) 8.45% Taiwan(+) 8.32% United States(-) 7.24% India(-) 4.03% Brazil(+) 3.63%Others 33.74%[19],$1.523 trillion (31 December 2017 est.)[3] Abroad: $1.383 trillion (31 December 2017 est.)[3],$164.9 billion (2017 est.)[3],$1.598 trillion (31 December 2017 est.)[3],47% of GDP (2017 est.)[3][note 4],−6.5% of GDP (2019),¥30.74 trillion($4.45 trillion)[20]31% of GDP (2019),¥37.18 trillion($5.38 trillion)[21]37.5% of GDP (2019),Standard & Poor's:[22]A+ (domestic)A+ (foreign)A+ (T&C assessment)Outlook: stableMoody's:[23]A1Outlook: stableFitch:[24]A+Outlook: stableScope:[25]A+Outlook: negative,$3.219 trillion (October 2019)[26][27] (1st),,,,,,,,,,,
1,China,1407460640,17.9%,2643376,11.8%,2019,"2068950
","2019
", United States," European Union
","33,000","2013 est.
","3,888,989","2,836
",Renminbi Yuan CN¥1,Calendar year,"WTO, BRICS, SCO, APEC, RCEP, G-20, G77 and others",Developing/Emerging[1]Upper-middle income economy[2]Newly industrialized country,$15.66 trillion (nominal; 2020)[4][5] $23.39 trillion (PPP; 2019)[6],2nd (nominal; 2021 est.)1st (PPP; 2021 est.),6.7% (2018) 6.0% (2019)2.3% (2020) 8.1% (2021f)[7][8],"$11,819 (nominal; 2021 est.)[6] $18,931 (PPP; 2021 est.)[6]",56th (nominal; 2021 est.)70th (PPP; 2021 est.),Agriculture: 7.9%Industry: 40.5%Services: 51.6%(2017)[3],Household consumption: 39.1%Government consumption: 14.5%Investment in fixed capital: 42.7%Investment in inventories: 1.7%Exports of goods and services: 20.4%Imports of goods and services: −18.4%(2017 est.)[3],2.9% (2020 est.)[6],0.6% (2019)[9][note 1] 0% on less than $1.90/day (2020) 1.8% on less than $3.20/day (2020) 6.6% on less than $5.50/day (2020),46.7 high (2018)[10][note 2],0.761 high (2019)[11] (85th) 0.639 medium IHDI (2019)[12],"778,700,553 (2020)[13] (1st) 67.4% employment rate (2019)[14]",Agriculture: 27%Industry: 29%Services: 44%(FY 2018)[15],3.8% (2020 est.)[6] 10.6% youth unemployment (2019)[16][note 3],Miningore processingironsteelaluminumand other metalscoalmachine buildingarmamentstextilesapparelpetroleumcementchemicalsfertilizerfood processinginformation technologytransportation equipmentautomobilesrailcarstelecoms equipmentlocomotivesshipsaircraftspace launch vehiclessatellitesconsumer products (including footweartoyselectronics)military equipmentfinancial serviceselectric power,"31st (very easy, 2020)[17]",Agricultural products 3.2%Fuels and mining products 2.4%Manufacturers 94.3%Others 0.1%[19],European Union(-) 17.2% United States(-) 16.7% ASEAN(+) 12.83% Hong Kong(+) 12.16% Japan(+) 5.91% South Korea(+) 4.37% India(-) 3.08% Russia(+) 2.64%Others 23.33%[19],Agricultural products 9.5%Fuels and mining products 21.3%Manufacturers 64.4%Others 4.8%[19],European Union(-) 12.82% ASEAN(+) 12.58% South Korea (+)9.58% Japan(+) 8.45% Taiwan(+) 8.32% United States(-) 7.24% India(-) 4.03% Brazil(+) 3.63%Others 33.74%[19],$1.523 trillion (31 December 2017 est.)[3] Abroad: $1.383 trillion (31 December 2017 est.)[3],$164.9 billion (2017 est.)[3],$1.598 trillion (31 December 2017 est.)[3],47% of GDP (2017 est.)[3][note 4],−6.5% of GDP (2019),¥30.74 trillion($4.45 trillion)[20]31% of GDP (2019),¥37.18 trillion($5.38 trillion)[21]37.5% of GDP (2019),Standard & Poor's:[22]A+ (domestic)A+ (foreign)A+ (T&C assessment)Outlook: stableMoody's:[23]A1Outlook: stableFitch:[24]A+Outlook: stableScope:[25]A+Outlook: negative,$3.219 trillion (October 2019)[26][27] (1st),,,,,,,,,,,
2,China,1407460640,17.9%,2643376,11.8%,2019,"2068950
","2019
", United States," European Union
","33,000","2013 est.
",196,"8
",Renminbi Yuan CN¥1,Calendar year,"WTO, BRICS, SCO, APEC, RCEP, G-20, G77 and others",Developing/Emerging[1]Upper-middle income economy[2]Newly industrialized country,$15.66 trillion (nominal; 2020)[4][5] $23.39 trillion (PPP; 2019)[6],2nd (nominal; 2021 est.)1st (PPP; 2021 est.),6.7% (2018) 6.0% (2019)2.3% (2020) 8.1% (2021f)[7][8],"$11,819 (nominal; 2021 est.)[6] $18,931 (PPP; 2021 est.)[6]",56th (nominal; 2021 est.)70th (PPP; 2021 est.),Agriculture: 7.9%Industry: 40.5%Services: 51.6%(2017)[3],Household consumption: 39.1%Government consumption: 14.5%Investment in fixed capital: 42.7%Investment in inventories: 1.7%Exports of goods and services: 20.4%Imports of goods and services: −18.4%(2017 est.)[3],2.9% (2020 est.)[6],0.6% (2019)[9][note 1] 0% on less than $1.90/day (2020) 1.8% on less than $3.20/day (2020) 6.6% on less than $5.50/day (2020),46.7 high (2018)[10][note 2],0.761 high (2019)[11] (85th) 0.639 medium IHDI (2019)[12],"778,700,553 (2020)[13] (1st) 67.4% employment rate (2019)[14]",Agriculture: 27%Industry: 29%Services: 44%(FY 2018)[15],3.8% (2020 est.)[6] 10.6% youth unemployment (2019)[16][note 3],Miningore processingironsteelaluminumand other metalscoalmachine buildingarmamentstextilesapparelpetroleumcementchemicalsfertilizerfood processinginformation technologytransportation equipmentautomobilesrailcarstelecoms equipmentlocomotivesshipsaircraftspace launch vehiclessatellitesconsumer products (including footweartoyselectronics)military equipmentfinancial serviceselectric power,"31st (very easy, 2020)[17]",Agricultural products 3.2%Fuels and mining products 2.4%Manufacturers 94.3%Others 0.1%[19],European Union(-) 17.2% United States(-) 16.7% ASEAN(+) 12.83% Hong Kong(+) 12.16% Japan(+) 5.91% South Korea(+) 4.37% India(-) 3.08% Russia(+) 2.64%Others 23.33%[19],Agricultural products 9.5%Fuels and mining products 21.3%Manufacturers 64.4%Others 4.8%[19],European Union(-) 12.82% ASEAN(+) 12.58% South Korea (+)9.58% Japan(+) 8.45% Taiwan(+) 8.32% United States(-) 7.24% India(-) 4.03% Brazil(+) 3.63%Others 33.74%[19],$1.523 trillion (31 December 2017 est.)[3] Abroad: $1.383 trillion (31 December 2017 est.)[3],$164.9 billion (2017 est.)[3],$1.598 trillion (31 December 2017 est.)[3],47% of GDP (2017 est.)[3][note 4],−6.5% of GDP (2019),¥30.74 trillion($4.45 trillion)[20]31% of GDP (2019),¥37.18 trillion($5.38 trillion)[21]37.5% of GDP (2019),Standard & Poor's:[22]A+ (domestic)A+ (foreign)A+ (T&C assessment)Outlook: stableMoody's:[23]A1Outlook: stableFitch:[24]A+Outlook: stableScope:[25]A+Outlook: negative,$3.219 trillion (October 2019)[26][27] (1st),,,,,,,,,,,
3,China,1407460640,17.9%,2643376,11.8%,2019,"2068950
","2019
", United States," European Union
","33,000","2013 est.
",196,"8
",Renminbi Yuan CN¥1,Calendar year,"WTO, BRICS, SCO, APEC, RCEP, G-20, G77 and others",Developing/Emerging[1]Upper-middle income economy[2]Newly industrialized country,$15.66 trillion (nominal; 2020)[4][5] $23.39 trillion (PPP; 2019)[6],2nd (nominal; 2021 est.)1st (PPP; 2021 est.),6.7% (2018) 6.0% (2019)2.3% (2020) 8.1% (2021f)[7][8],"$11,819 (nominal; 2021 est.)[6] $18,931 (PPP; 2021 est.)[6]",56th (nominal; 2021 est.)70th (PPP; 2021 est.),Agriculture: 7.9%Industry: 40.5%Services: 51.6%(2017)[3],Household consumption: 39.1%Government consumption: 14.5%Investment in fixed capital: 42.7%Investment in inventories: 1.7%Exports of goods and services: 20.4%Imports of goods and services: −18.4%(2017 est.)[3],2.9% (2020 est.)[6],0.6% (2019)[9][note 1] 0% on less than $1.90/day (2020) 1.8% on less than $3.20/day (2020) 6.6% on less than $5.50/day (2020),46.7 high (2018)[10][note 2],0.761 high (2019)[11] (85th) 0.639 medium IHDI (2019)[12],"778,700,553 (2020)[13] (1st) 67.4% employment rate (2019)[14]",Agriculture: 27%Industry: 29%Services: 44%(FY 2018)[15],3.8% (2020 est.)[6] 10.6% youth unemployment (2019)[16][note 3],Miningore processingironsteelaluminumand other metalscoalmachine buildingarmamentstextilesapparelpetroleumcementchemicalsfertilizerfood processinginformation technologytransportation equipmentautomobilesrailcarstelecoms equipmentlocomotivesshipsaircraftspace launch vehiclessatellitesconsumer products (including footweartoyselectronics)military equipmentfinancial serviceselectric power,"31st (very easy, 2020)[17]",Agricultural products 3.2%Fuels and mining products 2.4%Manufacturers 94.3%Others 0.1%[19],European Union(-) 17.2% United States(-) 16.7% ASEAN(+) 12.83% Hong Kong(+) 12.16% Japan(+) 5.91% South Korea(+) 4.37% India(-) 3.08% Russia(+) 2.64%Others 23.33%[19],Agricultural products 9.5%Fuels and mining products 21.3%Manufacturers 64.4%Others 4.8%[19],European Union(-) 12.82% ASEAN(+) 12.58% South Korea (+)9.58% Japan(+) 8.45% Taiwan(+) 8.32% United States(-) 7.24% India(-) 4.03% Brazil(+) 3.63%Others 33.74%[19],$1.523 trillion (31 December 2017 est.)[3] Abroad: $1.383 trillion (31 December 2017 est.)[3],$164.9 billion (2017 est.)[3],$1.598 trillion (31 December 2017 est.)[3],47% of GDP (2017 est.)[3][note 4],−6.5% of GDP (2019),¥30.74 trillion($4.45 trillion)[20]31% of GDP (2019),¥37.18 trillion($5.38 trillion)[21]37.5% of GDP (2019),Standard & Poor's:[22]A+ (domestic)A+ (foreign)A+ (T&C assessment)Outlook: stableMoody's:[23]A1Outlook: stableFitch:[24]A+Outlook: stableScope:[25]A+Outlook: negative,$3.219 trillion (October 2019)[26][27] (1st),,,,,,,,,,,
4,India,1375593874,17.5%,530706,18.7%,2019,"478883
","2019
", European Union," China
",,,"627,415","554
","Indian rupee (INR, ₹) often called Indian National Rupee",1 April  – 31 March,,Developing/Emerging[3]Lower-middle income economy[4]Newly industrialized country,$2.8 trillion (nominal; 2021 est.)[6] $10.2 trillion (PPP; 2021 est.)[6],6th (nominal; 2020)3rd (PPP; 2020),0.4% (Q3 20/21e)(National Statistical Office)[7]−9.6% (20/21e) 8.8% (21/22f) (WB)[8],"$2,088.78 (nominal; 2021 est.)[6] $7,338.570 (PPP; 2021 est.)[6]",139nd (nominal; 2021)122th (PPP; 2021),Agriculture: 16%Industry: 25%Manufacturing: 14%Services: 49.9%(FY 2019)[9],Household consumption: 59.1%Government consumption: 11.5%Investment in fixed capital: 28.5%Investment in inventories: 3.9%Exports of goods and services: 19.1%Imports of goods and services: −22%(2017 est.)[10],5.03% (February 2021 )[11]4.9% (2020)[6],21.9% in poverty[year needed][13] 11.1% in extreme poverty (20/21 est.)[8] 46.2% on less than $3.20/day (20/21 est.)[8],33.9 medium (2013)[14],0.645 medium (2019)[15] (131st) 0.475 low IHDI (2019)[16],,,"5.4% (2020; modeled ILO est)[22] 5.8% (FY 2019)[23] 23.8% youth unemployment (15 to 24-year-olds, 2020; modeled ILO est)[24]",Textileschemicalsfood processingagribusinesshandicraftspetroleumpetrochemicalsgems and jewelleryleatheriron oresteelaluminiumcementminingmetalsretailmachineryinformation technologyconstructionfinancial serviceselectric powerconsumer goodspharmaceuticalsautomotivetelecommunicationsreal estatepapertransportation equipment[25],"63rd (easy, 2020)[26]",Agricultural products 12%Fuels and mining products 18.5%Manufacturers 68.7%Others 0.8%[28],United States 16.8% European Union 14.6% United Arab Emirates 9.1% China 5.3% Hong Kong 3.6%Other 50.5%[28],Agricultural products 5.5%Fuels and mining products 38.6%Manufacturers 47.9%Other 8%[28],China 14.3% European Union 8.9% United States 7.3% United Arab Emirates 6.3% Saudi Arabia 5.6%Other 57.5%[28],Inward: $51 billion (2019)[29] Outward: $12 billion (2019)[30],−$24.6 billion (2020)[31],$558.5 billion (2020)[32],89.3% of GDP (2020)[34] ₹170 trillion (US$2.4 trillion),9.5% of GDP (2020–21)[35],₹34.45 trillion (US$480 billion)18.08% of GDP (2020)[36],₹59.36 trillion (US$830 billion)31.15% of GDP (2020)[37],Standard & Poor's:[39]BBB−Outlook: StableMoody's:[39]Baa3Outlook: NegativeFitch:[39]BBB−Outlook: NegativeDBRS:[40]BBB(low)Outlook: Positive,$579.285 billion (26 March 2021)[41] (4th),"WTO, WCO, SAFTA, BIMSTEC, WFTU, BRICS, G-20, BIS, AIIB, ADB and others",4.25% (8 January 2021)[12],"500,995,152 (2020)[17]45.4% employment rate (2018)[18]",Agriculture: 41.49% [19]Industry: 26.183% [20]Services: 32.327% [21](FY 2020),−$379.3 billion (2020)[33],$2.45 billion (2018)[38],,,,,
5,Indonesia,271350000,3.45%,200100,18.4%,2019,"170727
","2019
", China," China
","338,100","2010 est.
","712,112","3,192
","Rupiah (IDR, Rp)",1 January – 31 December,"APEC, WTO, G-20, IOR-ARC, RCEP, others",Developing/Emerging[1]Upper-middle income economy[2]Newly industrialized country,"$1,167.180 billion (nominal; 2021 est.)[4] $3,609.699 billion (PPP; 2021 est.)[4]",15th (nominal; 2020 est.)7th (PPP; 2020 est.),-2.07% (2020) 6.1% (2021f)[5],"$4,287.185 (nominal; 2021 est.)[4] $13,258.839 (PPP; 2021 est.)[4]",108th (nominal; 2020 est.)95th (PPP; 2020 est.),Agriculture: 13.7%Industry: 41%Services: 45.4%(2017 est.)[6],,2.1% (2020 est.)[4],10.19% (2020)[7] 2.9% on less than $1.90/day (2019)[8] 20.5% on less than $3.20/day (2019)[9] 52.8% on less than $5.50/day (2019)[10] 3.6% in multidimensional poverty (2017)[11],38.2 medium (2019)[12],0.718 high (2019)[13] (107th) 0.590 medium IHDI (2019)[14],,,8% (2020)[4],"palm oil, coal, petroleum and natural gas, textiles, automotive, electrical appliances, apparel, footwear, mining, cement, medical instruments and appliances, handicrafts, chemical fertilizers, plywood, rubber, processed food, jewelry, and tourism","73rd (easy, 2020)[17]","Oil and gas, cement, food, electrical appliances, construction, plywood, textiles, rubber",China(+) 16.61% United States(+) 11.42% Japan(-) 8.86% India(-) 7.51% Singapore(+) 6.05%(2019)[19],"machinery and equipment, chemicals, fuels, foodstuffs",China(-) 29.86% Singapore(-) 10.46% Japan(-) 6.34% Thailand(-) 6.31% United States(-) 5.42%(2019)[20],$251.5 billion (31 December 2017 est.)[6] Abroad: $20.5 billion (31 December 2017 est.)[6],−$17.33 billion (2017 est.)[6],$344.4 billion (31 December 2017 est.)[6],33.1% of GDP (2017)[21],−2.7% (of GDP) (2017 est.)[6],131.7 billion (2017 est.)[6],159.6 billion (2017 est.)[6],Japan Credit Rating Agency:[22][23][24] A- (Domestic Currency) BBB+ (Foreign Currency) BBB+ (Bond)Outlook: StableStandard & Poor's:[25] BBB (Domestic) BBB (Foreign) BBB (T&C Assessment)Outlook: NegativeMoody's:[25] Baa2Outlook: StableFitch:[26] BBB (Local Currency) BBB (Foreign Currency) BBB (Country Ceiling)Outlook: Stable,$129.18 billion (December 2019)[27],,,"136,694,226 (2020)[15]65.7% employment rate (2019)[16]",Agriculture: 32%Industry: 21%Services: 47%(2016 est.)[6],,,,,,,
6,Pakistan,225200000,2.87%,30566,10.1%,2019,"50134
","2019
", European Union," China
",,,"79,112","400
","Pakistani rupee (PKR, ₨)",1 July – 30 June,,Developing/Emerging[1]Lower-middle income economy[2],$284 billion (nominal; 2021)[4] $1.1 trillion (PPP; 2021)[4],42nd (nominal; 2020)22nd (PPP; 2020),5.5% (17/18) 1.9% (18/19)−0.4% (19/20) 1.5% (20/21e)[4],"$1,260 (nominal;2020)[4] $5,230 (PPP, 2020-21)[4]",151st (nominal; 2019)134th (PPP; 2020),Agriculture: 18.74%Industry: 19.74%Services: 61.52%(2019 est)[5],,8.2% (August 2020)[6],35.1% on less than $3.20/day (2015)[8] 0.5% in extreme poverty  (December 2020)[9](World Poverty Clock estimate),"33.5 medium (2015, World Bank)[10]",0.557 medium (2019)[11] (154nd) 0.384 low IHDI (2019)[12],,,4.5% (2020)[4] 5.7% (2017–18)[15]7.8% youth unemployment (2018)[16],Textiles and apparelfood processingpharmaceuticalssurgical instrumentsconstruction materialsfertilizershrimppaper products,"108th (medium, 2020)[17]","Textiles: $12,783 millionFood: $4,534 millionChemical and Pharmaceutical products: $1,056 millionLeather Manufacturers: $479 millionSports goods: $458 millionPetroleum: $369 million [19]",United States(-) 17.3% China(+) 7.4% United Kingdom(+) 7.3% United Arab Emirates(+) 7.0% Germany(+) 5.8% Netherlands(+) 4.4% Afghanistan(+) 4.0%(2020 est.)[20],"Petroleum: 9,249 millionAgriculture and other chemicals: $7,043 millionMachinery: $6,193 millionFood: $4,711 millionTextile: $3,841.4 millionMetal: $3,229 millionTransport: $2,314.7 millionPlastic Material: 1,954 million [21]",China(+) 22.6% United Arab Emirates(+) 15.0% Singapore(+) 5.6% United States(-) 5.3% Qatar(+) 3.8% Saudi Arabia(+) 3.0% Japan(+) 2.4%(2020 est.)[20],$41.865 Billion (FY 2018)[22],-2.970 billion US $ (FY 2020 )[23],$112.9 billion (Jun 2020)[24] (45th),81.1% of GDP (Sep 2020)[25],−8.1% of GDP (FY 2020)[26],"15.0% of GDP, Pkr 6272.2 Billion or $39.7 billion (FY 2020)[26]","23.1% of GDP, Pkr 9648.5 Billion or $61.0 billion (FY 2020)[26]",Standard & Poor's:[27]B− (Domestic)B− (Foreign)B− (T&C Assessment)Outlook: StableMoody's:[28]B3Outlook: StableFitch:[29]B−Outlook: Stable,$20.519 billion (7 January 2021)[30] (64th),"ECO, SAFTA, WTO, and others",7.00% (September 2020)[7],"75,862,533 (2020)[13]48.9% employment rate (2018)[14]",Agriculture:  37.4%Industry: 24.0%Services:  38.6%(2017–18)[15],,,,,₨100 (62¢ US) (Jan 2021),,
7,Brazil,212987175,2.71%,400541,21.1%,2019,"177341
","2019
", China," European Union
","518,800","2014 est.
","2,939,950","12,113
","Brazilian real (BRL, R$)",1 January – 31 December,"WTO, BRICS, Mercosur, G-20 and others",Developing/Emerging[1]Upper-middle income economy[2],"$1.363 trillion (nominal, 2020 est.)[4] $3.078 trillion (PPP, 2020)[5]","12th (nominal, 2020)8th (PPP, 2020)",1.3% (2018) 1.1% (2019)−4.1% (2020)[6] 3.6% (2021f)[7],"$6,450 (nominal, 2020 est.)[4] $14,563 (PPP, 2020 est.)[4]","83rd (nominal, 2020)83rd (PPP, 2020)",services: 76%industry: 18.5%agriculture: 5.5%(2016 est.)[8],,3.6% (2020 est.)[5] 3.75% (2018)[9],11.18% (2018)[10] 19.9% on less than $5.50/day (2018)[11],53.9 high (2018)[12],0.765 high (2019)[13] (84th) 0.570 medium IHDI (2019)[14],"106,328,664 (2019)[15] 54.6% employment rate (2018)[16]",agriculture: 9.4%industry: 32.1%services: 58.5%(2017 est.)[17],14.7% (2020 est.)[5] 11.0% (December 2019)[18],Textilesshoeschemicalscementlumberiron oretinsteelaircraftmotor vehicles and partsother machinery and equipment,"124th (medium, 2020)[19]","aircraft, steel, machinery, transport equipment, automobiles, vehicle parts, soybeans, iron ore, pulp (cellulose), maize, beef, chicken meat, soybean meal, sugar, coffee, tobacco, cotton, orange juice, footwear, gold, ethanol, semi-finished iron",China(-) 21.8% European Union(+) 16% United States(+) 12.3% Argentina(+) 8% Japan(+) 2.4%Other 39%[20],"machinery, electrical and transport equipment, chemical products, oil, automotive parts, electronics",European Union(+) 21.2% China(-) 18.1% United States(+) 16.5% Argentina(+) 6.2% South Korea(+) 3.4%Other 35%[20],$778.3 billion (31 December 2017 est.)[17] Abroad: $358.9 billion (31 December 2017 est.)[17],−$9.762 billion (2017 est.)[17],$684.6 billion (January 2018)[21],84% of GDP (2017 est.)[17],−1.1% (of GDP) (2017 est.)[17],733.7 billion (2017 est.)[17],756.3 billion (2017 est.)[17],Standard & Poor's:[22]BB (Domestic)BB (Foreign)BB (T&C Assessment)Outlook: NegativeMoody's:[23]Ba2Outlook: NegativeFitch:[24]BB+Outlook: Negative,$373.9 billion (2017 est.)[25][26],,,,,,,,,,,
8,Nigeria,211401000,2.69%,67908,15.5%,2018,"47387
","2019
", European Union," European Union
","1,979,451","2018
","1,775,940","10,752
","Nigerian naira (NGN, ₦)",1 April – 31 March[1],,Developing/Emerging[2]Lower-middle income economy[3],"$442.976 billion (nominal, 2020 est.)[5] $1.044 trillion (PPP, 2020 est.)[6]","27th (nominal, 2020)24th (PPP, 2020)",2.3% (2019)[7],"$2,149 (nominal, 2020 est.)[5] $5,066 (PPP, 2020 est.)[5]","135th (nominal, 2020)137th (PPP, 2020)",agriculture: 21.96%industry: 23.65%services: 54.39%(2020 est.)[8],,13.4% (2020 est.)[6],40% (2020)[9],35.1 medium (2020)[10],0.539 low (2019)[11] (161st),,,23.1% (Q3 2018)[14],"cement, oil refining, construction and construction materials, food processing and food products, beverages and tobacco, textiles, apparel and footwear, pharmaceutical products, wood products, pulp paper products, chemicals, ceramic products, plastic and rubber products, electrical and electronic products, base metals: iron and steel, information technology, automobile manufacturing, and other manufacturing (2015)[15]","131st (medium, 2020)[16]","petroleum and petroleum products, chemicals, vehicles, aircraft parts, vessels, vegetable products, processed food, beverages, spirits and vinegar, cashew nuts, processed leather, cocoa, tobacco, aluminum alloys  (2015)[19]",India 18% United States 14% Spain 9.7% France 6.0% Netherlands 4.9% Germany 3.6%(2017)[18],"industry supplies, machinery, appliances, vehicles, aircraft parts, chemicals, base metals  (2015)[19]",China 28% Belgium  Luxembourg 8.9% Netherlands 8.3% South Korea 6.4% United States 6.0% India 4.6%(2017)[18],$116.9 billion (31 December 2017 est.)[20] Abroad: $16.93 billion (31 December 2017 est.)[20],$10.38 billion (2017 est.)[20],$40.96 billion (31 December 2017 est.)[21],21.8% of GDP (2017 est.)[20],$5.2 billion; 1% of GDP (2014)[22],$54.48 billion,$31.61 billion (2012 est.),Standard & Poor's:[23]B+ (Domestic)B+ (Foreign)B+ (T&C Assessment)Outlook: Stable[24]Fitch:[24]BB-Outlook: Stable,$38.77 billion (31 December 2017 est.)[20],"AU, AfCFTA, ECOWAS, WTO",,"90,471,000 (Q3 2018)[12]","Accommodation, food, transportation and real estate: 12.2%Education, health, science and technology: 6.3%Farming, forestry and fishing: 30.5%Manufacturing, mining and quarrying: 11.3%Retail, maintenance, repair, and operations: 24.9%Managerial, finance and insurance: 4.2%Telecommunication, arts and entertainment: 1.8%Other services: 8.8%(2010)[13]",,,,,,,
9,Bangladesh,170476044,2.17%,45188,15.3%,2019,"53326
","2019
", European Union," China
",,,"3,000","25
","Bangladeshi taka (BDT, ৳)",1 July – 30 June,"SAFTA, SAARC, BIMSTEC, WTO, AIIB, IMF, Commonwealth of Nations, World Bank, ADB, Developing-8",Developing/Emerging[1]Lower-middle income economy[2],$353 billion (nominal; 2021 est.)[4] $966 billion (PPP; 2021 est.)[4],"35th (nominal, 2020)29th (PPP, 2020)",7.9% (17/18) 8.2% (18/19e)5.2% (19/20f) 6.8% (20/21f)[5],"$2,122 (nominal, 2021)[4] $5,811 (PPP, 2021 est.)[4]","139th (nominal, 2020)135th (PPP, 2020)",agriculture: 14.23%industry: 35.66%services: 50.11%(FY18)[6][7],,5.5% (2020 est.)[8],20.5% in poverty (2019)[9][10] 28.3% on less than $3.20/day (2020f)[11] 6% living in extreme poverty (2020)[12][13],"32.4 medium (2016, World Bank)[14]",0.632 medium (2019)[15] (133th) 0.478 Low IHDI (2019)[16],"69,706,733 (2019)[17] 55.8% employment rate (2017)[18]",agriculture: 40.6%industry: 20.4%services: 39.6%(2017 est.)[19],Overall 4.2%Male 3.1%Female 6.7%(2017 est.)[20],Textilespharmaceutical productselectronicsshipbuildingautomotivebicycleleatherjuteglasspaperplasticfood and beveragescementtearicenatural gas and crude petroleumiron and steel,"168th (below average, 2020)[21]","Textiles, Garments (2nd largest exporter in the world), Leather & Leather Goods, Pharmaceuticals and other Chemical products, Ceramic Products, Bicycles, Jute and Jute Goods, IT, Agricultural Products, Frozen Food (Fish and Seafood)",European Union(+) 58.2% United States(+) 16.3% Japan(+) 3.1% Canada(+) 3.0% India(+) 2.4% Australia(+) 1.9% China(+) 1.9% Southeast Asia(+) 1.6%Others 11.6%[24],"Textiles and Textile Articles, Machinery and Mechanical Appliances, Electrical Equipment, Mineral Products, Vegetable Products, Metal & metal products, Chemicals & Allied Products, Vehicles & Aircraft",China(+) 21.5% India(+) 12.2% Singapore(+) 9.2% European Union(+) 6.2% Hong Kong(+) 5.5%Other 45.3%[27],$16.85 billion (March 2020 est.)[28][29] Abroad: $309.6 million (31 December 2017 est.)[30],−$0.8035 billion (2020 est.),$20.26 billion (31 December 2017 est.)[30],33.1% of GDP (2017 est.)[30],−3.2% (of GDP) (2017 est.)[30],$22.36 billion (৳2.05 trillion) (FY18)[31],$67.00 billion (FY 2020-21) ৳5.68 trillion [32][33],List of ratings Standard & Poor's:[34]BB− (Domestic)BB− (Foreign)BB− (T&C Assessment)Outlook: Stable Moody's:[35]Ba3Outlook: Stable Fitch:[36]BB−Outlook: Stable,$45.00 billion (February 2021)[37] (41st),,,,,,,,,,,
10,Russia,146238185,1.86%,546345,28.3%,2019,"243780
","2019
", European Union," European Union
","5,225,000","2018 est.
","9,865,495","73,292
","Russian ruble (RUB, ₽)",calendar year[1],"WTO, BRICS, GECF, CIS, APEC, EAEU, G-20 and others",Developing/Emerging[2]Upper-middle income economy[3],"$1.4 trillion (nominal, 2020 est.)[5] $4.0 trillion (PPP, 2020 est.)[5]","11th (nominal, 2020)6th (PPP, 2020)",2.5% (2018) 1.3% (2019)−6.6% (2020e) 4.1% (2021e)[6][note 1],"$9,972 (nominal, 2020 est.)[5] $27,393 (PPP, 2020 est.)[5]","61st (nominal, 2020)50th (PPP, 2020)",agriculture: 4.7%industry: 32.4%services: 62.3%(2017 est.)[8],,3.2% (2020 est.)[5],12.9% (2018)[9] 2.2% on less than $5.50/day (2020f)[10],"37.5 medium (2018, World Bank)[11]",0.824 very high (2019)[12](52nd) 0.743 high IHDI (2018)[13],"73,023,442 (2019)[14] 59.8% employment rate (2018)[15]",agriculture: 9.4%industry: 27.6%services: 63%(2016 est.)[8],5.6% (2020 est.)[5]4.5% (September 2018)[16][17],Petroleum,"28th (very easy, 2020)[18]","Petroleum and petroleum products, natural gas, metals, wood and wood products, chemicals, and a wide variety of civilian and military manufactures",European Union(+) 45.8% China(-) 9.8% Belarus(+) 4.9% Turkey(+) 4.8% South Korea(+) 3.5% India(+) 2.1%Other 29.0%[19],"Machinery, vehicles, pharmaceutical products, plastic, semi-finished metal products, meat, fruits and nuts, optical and medical instruments, iron, steel",European Union(+) 38.2% China(-) 20.9% United States(+) 6.1% Belarus(+) 5.2% Japan(+) 3.7%Other 26.3% [19],$535.2 billion (31 December 2017 est.)[1] Abroad: $470.9 billion (31 December 2017 est.)[1],$35.44 billion (2017 est.)[1],$539.6 billion (31 December 2017 est.)[1],10.6% of GDP (2017)[20],−1.4% (of GDP) (2017 est.)[1],258.6 billion (2017 est.)[1],281.4 billion (2017 est.)[1],Standard & Poor's:[21][22]BB+ (Domestic)BBB- (Foreign)BB+ (T&C Assessment)Outlook: PositiveMoody's:[23]Ba1Outlook: StableFitch:[24]BBB-Outlook: PositiveScope:[25]BBBOutlook: Stable,$542.9 billion (1 November 2019)[26] (4th),,,,,,,"RUB 46,057 / €497 / $584 monthly (September 2019)",,,"RUB 40,070 / €433 / $509 monthly (September 2019)",
11,Mexico,126014024,1.60%,491674,39.1%,2019,"467293
","2019
", United States," United States
","1,285,523","2018
","1,710,303","17,142
","Mexican peso (MXN, Mex$)",calendar year,"APEC, CPTPP, USMCA, OECD and WTO",Developing/Emerging[1]Upper-middle income economy[2],"$1.274 trillion (nominal, 2021 est.)[4] $3.616 trillion (PPP, 2021)[5]","16th (nominal, 2019)11th (PPP, 2019)",2.2% (2018) −0.3% (2019e)−10.5% (2020f) 3.3% (2021f)[6],"$10,118 (nominal, 2019 est.)[4] $20,868 (PPP, 2019 est.)[4]","64th (nominal, 2019)63rd (PPP, 2019)",agriculture: 3.6%industry: 31.9%services: 64.5%(2017 est.)[3],,2.7% (2020 est.)[5],41.9% in poverty (2018)[7] 7.4% in extreme poverty (2018)[7]23.0% on less than $5.50/day (2018)[8],49.8 high (2016)[9],0.779 high (2019)[10] (74th) 0.613 medium IHDI (2019)[11],"57,558,589 (2019)[12] 57.6% employment rate (2018)[13]",agriculture: 13.4%industry: 24.1%services: 61.9%(2011)[3],5.3% (2020 est.)[5] 3.5% (September 2019)[14],Food and beveragestobaccochemicalsiron and steelpetroleumminingtextilesclothingmotor vehiclesconsumer durablestourism,"60th (easy, 2020)[15]","manufactured goods, electronics, vehicles and auto parts, oil and oil products, silver, plastics, fruits, vegetables, coffee, cotton, silver",United States(+) 80.3% Canada(+) 2.7% China(-) 1.5% Spain(+) 1.5% Brazil(+) 1.2%(2019 est.)[16],"metalworking machines, steel mill products, agricultural machinery, electrical equipment, automobile parts for assembly and repair, aircraft, aircraft parts, plastics, natural gas and oil products",United States(+) 49.0% China(-) 16.6% Japan(+) 4.4% Germany(+) 3.4% South Korea(+) 3.4%(2019 est.)[16],$554.3 billion (31 December 2017 est.)[3] Abroad: $243.8 billion (31 December 2017 est.)[3],−$19.35 billion (2017 est.)[3],$445.8 billion (31 December 2017 est.)[3],54.3% of GDP (2017 est.)[3],−1.1% (of GDP) (2017 est.)[3],261.4 billion (2017 est.)[3],273.8 billion (2017 est.)[3],Standard & Poor's:[17][18]A (Domestic)BBB+ (Foreign)A+ (T&C Assessment)Outlook: StableMoody's:[18]A3Outlook: StableFitch:[18]BBB+Outlook: Stable,$201.287 billion (November 2020)[19],,,,,,$189.4 million (2008),,,,,
12,Japan,125480000,1.60%,904883,18.5%,2018,"720964
","2019
", United States," China
",,,"4,333","30
","Japanese yen (JPY, ¥)",1 April – 31 March,"APEC, WTO, CPTPP, OECD, G-20, G7 and others",Developed/Advanced[1]High-income economy[2],"$5.38 trillion (nominal, 2021 est.)[4] $5.59 trillion (PPP, 2021 est.)[4]","3rd (nominal, 2021)4th (PPP, 2021)",0.3% (2018) 0.7% (2019)−5.3% (2020e) 2.3% (2021e)[4],"$42,928 (nominal, 2021 est.)[4] $44,585 (PPP, 2021 est.)[4]","23rd (nominal, 2021)27th (PPP, 2021)",Agriculture: 1.1%Industry: 30.1%Services: 68.7%(2017 est.)[5],Household consumption: 55.5%Government consumption: 19.6%Investment in fixed capital: 24%Investment in inventories: 0%Exports of goods and services: 17.7%Imports of goods and services: −16.8%(2017 est.)[5],−0.1% (2020 est.)[4],5.5% (2020)0.7% on less than $1.90/day (2013)[6]0.9% on less than $3.20/day (2013)[7]1.2% on less than $5.50/day (2013)[8],33.9 medium (2015)[9],0.919 very high (2019)[10] (19th) 0.843 very high IHDI (2019)[11],68.7 million (August 2020)[12] 60.3% employment rate (August 2020)[13],Agriculture: 3%Industry: 25%Services: 72%(FY 2018)[14],3.0% (August 2020)[12] 4.7% youth unemployment (15 to 24 year-olds; August 2020)[12] 2.1 million unemployed (August 2020)[12],Motor vehicleselectronic equipmentmachine toolssteelnonferrous metalsshipschemicalstextilesprocessed foods,"29th (very easy, 2020)[15]",Transport Equipment 21.0%Machinery 19.9%Electrical Machinery 18.7%Chemicals 12.4%Manufactured Goods 10.4%Raw Materials 1.7%Foodstuff 1.3%Mineral Fuels 0.8%Others 13.8%[16],China(+) 22.1% United States(-) 18.4% ASEAN(-) 14.4% European Union(-) 9.2% South Korea(-) 7.0% Taiwan(+) 6.9% Hong Kong(-) 5.0% Australia(-) 1.9%Others 15.1%[16],Electrical Machinery 17.6%Mineral Fuels 16.6%Machinery 10.5%Foodstuff 9.9%Chemicals 9.9%Manufactured Goods 9.3%Raw Materials 6.9%Transport Equipment 5.0%Others 14.4%[16],China(-) 25.8% ASEAN(-) 15.7% European Union(-) 11.4% United States(-) 11.0% Australia(-) 5.6% South Korea(-) 4.2% Taiwan(-) 4.2% Saudi Arabia(-) 2.9%Others 19.2%[16],$310.31 billion (December 2019)[16] Abroad: $1.858 trillion (December 2019)[16],$165.5 billion (2020 est.)[16],$4.700 trillion (September 2020 est.)[17],237.6% of GDP (2017 est.)[5],−3.5% (of GDP) (2017 est.)[5],1.714 trillion (2017 est.)[5],1.885 trillion (2017 est.)[5],Standard & Poor's:[19][20]A+ (Domestic)A+ (Foreign)AA+ (T&C Assessment)Outlook: StableMoody's:[20]A1Outlook: StableFitch:[20]AOutlook: StableScope:[21]A+Outlook: Negative,$1.389 trillion (October 2020)[22],,,,,,"donor: ODA, $10.37 billion (2016)[18]",,,,,
13,Ethiopia,117876000,1.50%,7624,7.9%,2018,"8642
","2019
", European Union," China
",,,,,"Birr (ETB, ብር)",7 – 8 July,,Developing/Emerging[1]Low-income economy[2],"$95.588 billion (nominal, 2020 est.)[4] $272 billion (PPP, 2020 est.)[4]","63rd (nominal, 2018)62nd (PPP, 2018)",7.7% (2018) 9.0% (2019)1.9% (2020e) 0.0% (2021e)[5],"$974 (nominal, 2020 est.)[4] $2,701 (PPP, 2019 est.)[4]","167th (nominal, 2018)164th (PPP, 2018)",Agriculture: 34.8%Industry: 21.6%Services: 43.6%(2017 est.)[3],,20.2% (2020 est.)[5],"23.5% (2015, World Bank)[6]32.6% on less than $1.90/day (2015)[7]","35.0 medium (2015, World Bank)[8]33.6 (2015)[9]",0.470 low (2018)[10] (173rd)0.337 low IHDI (2018)[11],,,1.8% (2018)[14],"food processing, beverages, textiles, leather, chemicals, metals processing, cement","159th (below average, 2020)[15]","coffee, qat, gold, leather products, live animals, oilseeds",Sudan 23.3%  Switzerland 10.2% China 8.1% Somalia 6.6% Netherlands 6.2% United States 4.7% Germany 4.7% Saudi Arabia 4.6%(2017)[3],"Machinery and aircraft, metal and metal products, electrical materials, petroleum products, motor vehicles, chemicals and fertilizers",China 24.1% Saudi Arabia 10.1% India 6.4% Kuwait 5.3% France 5.2%(2017)[3],N/A,"−$6.551 billion (−8.6% of GDP, 2017 est.)[4][3]",$26.05 billion (31 December 2017 est.)[3],54.2% of GDP (2017 est.)[3],−3.2% (of GDP) (2017 est.)[3],11.24 billion (2017 est.)[3],13.79 billion (2017 est.)[3],"Standard & Poor's:[16]B (Foreign currency ratings)B (Local currency ratings)B (T&C assessment), Moody's:[17]B1 (Outlook stable)Fitch:[18]B (Outlook stable)",$3.013 billion (31 December 2017 est.)[3],"AU, AfCFTA, COMESA, IGAD, WTO (observer), G24",,"53,746,763 (2019)[12] 78.9% employment rate (2018)[13]",agriculture: 72.7%industry: 7.4%services: 19.9%(2013 est.)[3],,$308 million (recipient) (2001[update]),,,,,
14,Philippines,110075571,1.40%,94356,28.3%,2019,"112908
","2019
", Japan," China
","20,090","2010 est.
","12,249","193
",Philippine peso (Filipino: piso; sign: ₱; code: PHP),Calendar year,"APEC, ASEAN, WTO, EAS, AFTA, ADB, and others",Developing/Emerging[1]Lower-middle income economy[2]Newly industrialized country,"$398.33 billion (nominal, 2021 est.)[4] $1.025 trillion (PPP, 2021 est.)[4]","29th (nominal, 2020)25th (PPP, 2020)",6.3% (2018) 6.0% (2019)[5]-9.5%  (2020) [6] 6.5 - 7.5% f (2021),"$3,601 (nominal, 2021 est.)[4] $9,271 (PPP, 2021 est.)[4]","114th (nominal, 2019)113th (PPP, 2019)",Agriculture: 7.4%Industry: 34%Services: 58.6%(2018)[7],,2.4% (2020 est.)[4],16.6% below poverty line (2018)[8]26.0% on less than $3.20/day (2015)[9],"42.7 medium (2018, PSA)[10]",0.718 high (2019)[11] (107th) 0.587 medium IHDI (2019)[12],45.9 million (July 2020p)~10 million Filipinos work abroad[13] 57.6% employment rate (2018)[14],services: 58.0%agriculture: 22.9%industry: 19.1%(2019 est.)[15],8.7% (October 2020),"electronics assembly, aerospace, business process outsourcing, food manufacturing, shipbuilding, chemicals, textiles, garments, metals, petroleum refining, fishing, steel, rice[16]","95th (easy, 2020)[17]","semiconductors and electronic products, machinery and transport equipment, wood manufactures, chemicals, processed food and beverages, garments, coconut oil, copper concentrates, seafood, bananas/fruits[19]",United States(+) 15.6% Hong Kong(-) 14.2% Japan(+) 14% China(-) 12.9% Singapore(+) 6.3% Germany(+) 4.2% Thailand(+) 4%(2018)[20],"electronic products, mineral fuels, machinery and transport equipment, iron and steel, textile fabrics, grains, chemicals, plastic[19]",China(-) 18.6% Japan(+) 11.8% United States(+) 9% Thailand(+) 7.3% South Korea(+) 6.1% Singapore(+) 6.1% Indonesia(+) 5.1%(2016 est.),"$78.79 billion (December 31, 2017 est.)[13] Abroad: $47.82 billion (December 31, 2017 est.)[13]",−$2.518 billion (2017 est.)[13],$72.36 billion (2017)[21],37.6% of GDP (Q2 2019)[22],−2.2% (of GDP) (2017 est.)[13],49.07 billion (2017 est.)[13],$56.02 billion (2017 est.)[13],Standard & Poor's:[24][25]BBB+ (Domestic)BBB+ (Foreign)BBB+ (T&C Assessment)Outlook: PositiveMoody's:[26]Baa2Outlook: StableFitch:[27][28]BBBOutlook: PositiveJapan Credit Rating Agency: A-Outlook: Stable,$108.8 billion (January 2021)[29][30],,,,,,$1.67 billion[23],,,,,
15,Egypt,101730986,1.29%,53553,18.9%,2019,"78657
","2019
", European Union," European Union
","85,000","2010 est.
","586,735","6,860
","Egyptian pound (EGP, E£)",1 July – 30 June,,Developing/emerging[1]Lower-middle income economy[2],"$362 billion (nominal, 2020)[4] $1.502 trillion (PPP, 2020)[5]","34th (nominal, 2020)19th (PPP, 2020)",5.6% (2020)[6],"$3,561 (nominal, 2020 est.)[7] $14,023 (PPP, 2020 est.)[7]","114th (nominal, 2020)92nd (PPP, 2020)",agriculture: 11.7%industry: 34.3%services: 54%(2017 est.)[8],,5.9% (2020 est.)[5],27.8% (2016 est.)[8]16.1% on less than $3.20/day (2015)[9],"31.8 medium (2015, World Bank)[10]",0.707 high (2019)[11] (116th) 0.492 low IHDI (2018)[12],,,5.7% (2020)[15] 10.3% (2018),"textiles, food processing, tourism, chemicals, pharmaceuticals, hydrocarbons, construction, cement, metals, light manufactures","114th (medium, 2020)[16]","crude oil and petroleum products, cotton, textiles, metal products, chemicals, agricultural goods",United Arab Emirates 10.9% Italy 10% United States 7.4% United Kingdom 5.7% Turkey 4.4% Germany 4.3% India 4.3%(2017)[8],"machinery and equipment, foodstuffs, chemicals, wood products, fuels",China 7.9% United Arab Emirates 5.2% Germany 4.8% Saudi Arabia 4.6% Russia 4.3%(2017)[8],$126.639 billion (2019 est.)[17] Abroad: $8.155 billion (2019 est.) [17],−$14.92 billion (2017 est.)[8],,86% of GDP (2020 est.)[18],−8.6% (of GDP) (2019 est.)[8],$58 billion (2018 est.)[19][20],$95.8 billion (2019 est.)[19][20],Standard & Poor's: B[21]Moody's: B2[21]Fitch: B+[21],$40 billion (January 2021)[18],"WTO, AU, AfCFTA, CAEU and COMESA",,"31,964,260 (2019)[13] 39.7% employment rate (2017)[14]",agriculture: 25.8%industry: 25.1%services: 49.1%(2015 est.)[8],,,,,,,
16,Vietnam,97580000,1.24%,258488,106.8%,2018,"271111
","2019
", United States," China
","188,000","2012 est.
","193,264","3,194
",Vietnamese đồng (VND; đ),Calendar year,,Developing/Emerging[1]Lower-middle income economy[2],"$369.494 billion (nominal, 2021 est.)[4] $1,142.177 trillion (PPP, 2021 est.)[4]","36th (nominal, 2020)23rd (PPP, 2020)",7.1% (2018) 7.0% (2019e)2.8% (2020f) 6.8% (2021f)[5],"$3,758.887 (nominal, 2021 est.)[4] $11,619.439  (PPP, 2021 est.)[4]","115th (nominal, 2020)106th (PPP, 2020)",agriculture: 15.3%industry: 33.3%services: 51%(2017 est.)[6],,3.8% (2020 est.)[4],6.7% (2018)[7]7.0% on less than $3.20/day (2018)[8],35.7 medium (2018)[9],0.704 high (2019)[10] (117th) 0.588 medium IHDI (2019)[11],,,3.3% (2020 est.)[4] 6.9% youth unemployment (15 to 24 year-olds; 2019)[15],"Electronics, machinery, steel, food processing, wood industry, textile, footwear, vehicle, rice, coffee, cashews, seafood, vegetable and tourism","70th (easy, 2020)[16]","Electronics, textiles products, machinery, footwear products, transportation products, wooden products, seafood products, steel, crude oil, pepper, rice and coffee",China(+) 19.6% United States(+) 18.1% Japan(+) 7.43% South Korea(+) 7.09%(2018 est.)[4],"Machinery and industrial equipment, electronics, petroleum products, raw materials for the clothing and shoe industries, plastics, automobiles, metal, and chemical products",China(+) 32.9% South Korea(+) 19.2% Japan(+) 6.15% Thailand(+) 5.12%(2018 est.)[4],$129.5 billion (31 December 2017 est.)[19] Abroad: $19.75 billion (31 December 2015 est.)[19],$5.401 billion (2017 est.)[19],$96.58 billion (31 December 2017 est.)[19],58.5% of GDP (2017 est.)[19][note 1],−6.7% (of GDP) (2017 est.)[19],54.59 billion (2017 est.)[19],69.37 billion (2017 est.)[19],Standard & Poor's:[20]BB- (domestic)BB- (foreign)BB- (T&C assessment)Outlook: stable[21]Moody's:[21]Ba3Outlook: PositiveFitch:[21]BBOutlook: stable,$70.1 billion (01 October 2019 est.)[22],"AFTA, WTO, APEC, ASEAN, FAO",,"57,249,411 (2019)[12] 74.7% employment rate (2018)[13]",agriculture: 38.6%industry: 26.7%services: 34.7%(Q1/2018 est.)[14],,$2.174 billion (2016),,,,,
17,Iran,84351410,1.07%,,,,"27308
","2019
", China," United Arab Emirates
","785,000","2014 est.
","2,665,809","49,714
","Iranian rial (IRR, )[note 1]",March 21–20,"ECO, OPEC, GECF, WTO (observer) and others",Developing/Emerging[2]Upper-middle income economy[3],"$610.6 billion (nominal, 2020 est.)[5] $1.007 trillion (PPP, 2020 est.)[6]","22nd (nominal, 2019)26th (PPP, 2020)",−5.4% (2018) −7.6% (2019)−6.0% (2020e) 3.1% (2021e)[6],"$5,506 (nominal, 2019 est.)[5] $17,662 (PPP, 2019 est.)[5]","98th (nominal, 2019)100th (PPP, 2019)",Agriculture: 6.9% (2016 est.)Industry: 35.3% (2016 est.)Services: 55% (2017 est.)[7],Household consumption: 49.7%Government consumption: 14%Investment in fixed capital: 20.6%Investment in inventories: 14.5%Exports of goods and services: 26%Imports of goods and services: −24.9%(2017 est.)[7],34.2% (2020 est.)[6],55% living on less than 3.4 million tomans/month (2019; per Majlis Research Center)[8] 10.9% on less than $5.50/day (2017)[9],38.8 medium (2018)[10],0.783 high (2019)[11] (70th) 0.693 medium IHDI (2019)[12],"27,358,987 (2019)[13] 39.1% employment rate (2018)[14]",,16.3% (2020 est.)[6] 12.10% (March 2019)[15],"petroleum, petrochemicals, fertilizers, caustic soda, car manufacture, parts, pharmaceuticals, home appliances, electronics, telecom, energy, power, textiles, construction, cement and other construction materials, food processing (particularly sugar refining and vegetable oil production), ferrous and non-ferrous metal fabrication, armaments","127th (medium, 2020)[17]","petroleum (56%),[18] chemical and petrochemical products, automobiles, fruits and nuts, carpets",China(+) 30.2% India(+) 21.4% United Arab Emirates(+) 7.56 South Korea(+) 5.81% Japan(+) 4.88%(2018)[19],"industrial raw materials and intermediate goods (46%), capital goods (35%), foodstuffs and other consumer goods (19%), technical services",China(+) 27.8% United Arab Emirates(+) 18.81% Germany(+) 5.94% India(+) 5.64% South Korea(+) 5.55%(2018)[19],$50.33 billion (31 December 2017 est.)[7]Abroad:  $5.226 billion (31 December 2017 est.)[7],,$7.995 billion (31 December 2017 est.)[7],39.5% of GDP (2017 est.)[7][note 2],−2.3% (of GDP) (2017 est.)[7],$74.4 billion (2017 est.)[7],$84.45 billion (2017 est.)[7],Economist Intelligence Unit:CCC (Sovereign risk)CCC (Currency risk)CC (Bank sector risk)CC (Political risk)B (Economic structure risk)CC (Country risk)(February 2014)[21],$85.2 billion (31 December 2020 est.)[22],,NA[7],,,,,,,,"Urban households:IRR 17 million, monthly (FY 2013)[16]Rural households:IRR 10 million, monthly (FY 2013)[16]",
18,Turkey,83614362,1.06%,247180,31.6%,2019,"200658
","2019
", European Union," European Union
",,,"61,757","622
","Turkish lira (TRY, ₺)",Calendar year[1],,Developing/Emerging[2]Upper-middle income economy[3]Newly industrialized country,"$794.530 billion (Nominal, 2021 est.)[5] $2.749 trillion (PPP, 2021 est.)[5]","20th (Nominal, 2021)[5]11th (PPP, 2021)[5]",2.8% (2018) 0.9% (2019e)1.8% (2020) 5.0% (2021f)[6],"$9,327 (Nominal, 2021 est.)[5] $32,278 (PPP, 2021 est.)[5]","67th (Nominal, 2021)[5]45th (PPP, 2021)[5]",agriculture: 6.8%industry: 32.3%services: 60.7%(2017 est.)[7],,10.8% (December 2020)[8],"8.4% (2018)[9] 11.7% at risk of poverty or social exclusion (AROPE, 2019)[10] 2.3% on less than $5.50/day (2020f)[11]",41.7 medium (2019)[12],0.820 very high (2019)[13] (54th) 0.683 medium IHDI (2019)[14],,,12.7% (September 2020)[17] 21.3% youth unemployment rate (15 to 24 year-olds; November 2020)[8],machinerytourismtextileelectronicsconstructionshipbuildingautosminingsteelironcopperborondefencepetroleumfood processingcotton,"33rd (very easy, 2020)[18]",transport equipmentmachinerymetal manufacturesapparelelectronicsfoodstufftextileplastic[20],Germany(+) 9.8% United Kingdom(+) 6.7% Italy(+) 5.9% Iraq(+) 5.0% United States(+) 5.0% Spain(+) 4.7% France(+) 4.5% Netherlands(+) 2.9% Israel(+) 2.4% Belgium(+) 2.4%(2019)[20],fuelsmachinerychemicalssemi-finished goodstransport equipment[22],Russia(+) 11% China(-) 9.9% Germany(+) 9.8% United States(+) 5.9% Italy(+) 4.9% United Kingdom(+) 3.6% France(+) 3.5% Iran(+) 3.5% South Korea(+) 3.0%(2019)[20],$180.3 billion (31 December 2017 est.)[1] Abroad: $47.44 billion (31 December 2017 est.)[1],−$27.6 billion (2018)[23],$452.4 billion (31 December 2017 est.) (29th) [1],26.5% of GDP (2017)[24],−1.5% (of GDP) (2017 est.)[1],172.8 billion (2017 est.)[1],185.8 billion (2017 est.)[1],Standard & Poor's: B+ [27]Moody's: Ba3 [27]Fitch: BB [28]Scope: B [29],$84.5 billion (November 2020)[30] (24th),"G-20, OECD, EU Customs Union, WTO, MIKTA, BSEC, ECO, D-8, World Bank, IMF, AIIB",,"41,817,015 (2020)[15] 42,9% employment rate (September 2020)[16]about 3.2 million Turks work abroad[1]",agriculture: 16.7%industry/construction: 27.1%services: 56.2%(November 2020)[1],,"donor: $6.182 billion, 0.79% of GNI.[25][26]","TRY ~6600 / 720€ / $900 monthly (December, 2020)",,,"TRY ~3299 / 355€ / $423 monthly (December, 2020)",
19,Germany,83190556,1.06%,1810933,47.0%,2019,"1236298
","2019
", European Union," European Union
","14,260","2010 est.
","37,508","571
","Euro (EUR, €)",Calendar year,,Developed/Advanced[1]High-income economy[2],$4.3 trillion (nominal; 2021 est.)[4] $4.7 trillion (PPP; 2021 est.)[4],"4th (nominal, 2021 est.)5th (PPP, 2021 est.)",1.3% (2018) 0.6% (2019)−6.0% (2020e) 4.2% (2021e)[4],"$51,860 (nominal; 2021 est.)[4] $56,956 (PPP; 2021 est.)[4]","15th (nominal, 2021 est.)15th (PPP, 2021 est.)",agriculture: 0.7%industry: 30.7%services: 68.6%(2017 est.)[5],Household consumption: 53.1%Government consumption: 19.5%Investment in fixed capital: 20.4%Investment in inventories: −0.5%Exports of goods and services: 47.3%Imports of goods and services: −38.7%(2017 est.)[5],0.5% (2020 est.)[4]1.3% (2019)[4]2.0% (2018)[4],"17.4% at risk of poverty or social exclusion (AROPE, 2019)[6]","29.7 low (2019, Eurostat)[7]",0.947 very high (2019)[8] (6th) 0.869 very high IHDI (2019)[9],,,4.4% (August 2020)[10] 5.8% youth unemployment (August 2020)[10] 2.0 million unemployed (August 2020)[10],Ironsteelcoalcementchemicalsmachineryvehiclesmachine toolselectronicsautomobilesfood and beveragesshipbuildingtextiles,"22nd (very easy, 2020)[11]","motor vehicles, machinery, chemicals, computer and electronic products, electrical equipment, pharmaceuticals, metals, transport equipment, foodstuffs, textiles, rubber and plastic products",United States 8.8% France 8.2% China 6.8% Netherlands 6.7% United Kingdom 6.6% Italy 5.1%(2017 est.)[5],"machinery, data processing equipment, vehicles, chemicals, oil and gas, metals, electric equipment, pharmaceuticals, foodstuffs, agricultural products",Netherlands 13.8% China 7.0% France 6.6% Belgium 5.9% Italy 5.4% Poland 5.4%(2017 est.)[5],$1.653 trillion (31 December 2017 est.)[5] Abroad: $2.298 trillion (31 December 2017 est.)[5],$280 billion (2019 est.)[5],$5.084 trillion (31 March 2017)[12],59.8% of GDP (2019)[13] €2.053 trillion (2019)[13],€49.8 billion surplus (2019)[13]+1.4% of GDP (2019)[13],46.8% of GDP (2019)[13],45.4% of GDP (2019)[13],Standard & Poor's:[15][16]AAAOutlook: StableMoody's:[16]AaaOutlook: StableFitch:[16]AAAOutlook: StableScope:[17]AAAOutlook: Stable,$400 Billion (June 2020)[18],"EU, WTO and OECD",,42.3 million (August 2020)[10] 68.3% employment rate (August 2020)[10],agriculture: 1.4%industry: 24.2%services: 74.3%(2016)[5],,"donor: ODA, $24.67 billion (2016)[14]","€4,012 / $4,450 monthly (2019)",,,"€2,439 / $2,705 monthly (2019)",
20,France,67399000,0.857%,882761,31.8%,2019,"637949
","2019
", European Union," European Union
",,,"12,910","253
","Euro (EUR, €)",Calendar year,,Developed/Advanced[1]High-income economy[2],$2.6 trillion (nominal; 2020 est.)[4] $3.0 trillion (PPP; 2020 est.)[4],"7th (nominal, 2020)10th (PPP, 2020)",1.8% (2018) 1.5% (2019)−9.8% (2020e) 6.0% (2021e)[4],"$39,257 (nominal; 2020 est.)[4] $45,454 (PPP; 2020 est.)[4]","20th (nominal, 2020)23rd (PPP, 2020)",agriculture: 1.7%industry: 19.5%services: 78.8%(2017 est)[5],,0.5% (2020 est.)[4]1.3% (2019)[4]2.1% (2018)[4],"5.5% or 13.2% with DOM-TOM 17.746735272836% at risk of poverty or social exclusion (AROPE, 2018)[6]","28.5 low (2018, Eurostat)[7]",0.901 very high (2019)[8] (26th) 0.820 very high IHDI (2019)[9],,,"7.5% (August 2020)[12] 8.1% with DOM-TOM (Q4, 2019)[13] 19.7% youth unemployment (15 to 24-year-olds; July 2020)[14]",Machinerychemicalsautomobilesmetallurgyaircraftelectronicstextilesfood processingtourism,"32nd (very easy, 2020)[17]","machinery and equipment, aircraft, plastics, chemicals, pharmaceutical products, iron and steel, beverages",Germany(+) 14.8% Spain(+) 7.7% Italy(+) 7.5% United States(+) 7.2% Belgium(+) 7% United Kingdom(+) 6.7%(2017)[5],"machinery and equipment, vehicles, crude oil, aircraft, plastics, chemicals",Germany(+) 18.5% Belgium(+) 10.2% Netherlands(+) 8.3% Italy(+) 7.9% Spain 7.1% United Kingdom(+) 5.3% United States(+) 5.2% China(-) 5.1%(2017)[5],$858.3 billion (31 December 2017 est.)[5] Abroad: $1.429 trillion (31 December 2017 est.)[5],−$18.10 billion (2019 est.)[5],$5.250 trillion (31 March 2017)[18],98.1% of GDP (2019)[19] €2.380 trillion (2019)[19],€72.8 billion deficit (2019)[19]−3.0% of GDP (2019)[19],52.6% of GDP (2019)[19],55.6% of GDP (2019)[19],Standard & Poor's:[21]AAOutlook: StableMoody's:[22]Aa2Outlook: StableFitch:[23]AAOutlook: Stable,$237.83 billion (April 2020),"EU, WTO and OECD",,"30,394,934 (2020, ILO)[10] 71.6% employment rate (Target: 75%; 2019)[11]",agriculture: 2.8%industry: 20%services: 77.2%(2016 est.)[5],,"donor: ODA, $9.50 billion (2016)[20]","€35,484 / $42,300 annually (2017)[15]",,,"€26,700 / $30,840 annually (2017)[16]",
21,Thailand,66633530,0.848%,324991,59.7%,2019,"240139
","2019
", United States," China
","32,200","2011 est.
","202,117","3,667
","Thai baht (THB, ฿)",1 October – 30 September,,Developing/Emerging[1]Upper-middle income economy[2],"$509.200 billion (nominal, 2020 est.)[4] $1.261 trillion (PPP, 2020 est.)[5]","24th (nominal, 2019)21st (PPP, 2020)",4.2% (2018) 2.4% (2019e)−5.0% (2020e) 4.1% (2021e)[6],"$7,379 (nominal, 2020 est.)[4] $18,275 (PPP, 2020 est.)[4]","80th (nominal, 2019)66th (PPP, 2019)",Agriculture: 8.4%Industry: 39.2%Services: 52.4%(2012)[7],,−1.1% (2020 est.)[5],9.9% (2018)[8] 8.6% on less than $5.50/day (2018)[9],36.4 medium (2018)[10],0.765 high (2018)[11] (77th) 0.635 medium IHDI (2018)[12],,,1.1% (2020 est.)[5],"Automobiles and automotive parts (11%), financial services (9%), electric appliances and components (8%), tourism (6%), cement, auto manufacturing, heavy and light industries, appliances, computers and parts, furniture, plastics, textiles and garments, agricultural processing, beverages, tobacco","21st (very easy, 2020)[15]","machinery (23%), electronics (19%), foods and wood (14%), chemicals and plastics (14%), automobiles and automotive parts (12%), stone and glass (7%), textiles and furniture (4%)",United States 11.4%China 11%European Union 10.3%Japan 9.6%Hong Kong 5.3%Others 52.4%(2016)[19],"Capital and intermediate goods, raw materials, consumer goods, fuels",China 21.6%Japan 15.8%European Union 9.3%United States 6.2%Malaysia 5.6%Others 41.5%(2016)[19],$205.5 billion (2017 est.)[20],,$163.402.95 billion (Q1 2019)[21],44.01% (May 2020)[22],,THB 2.563 trillion (FY2019)[23],THB 2.788 trillion (FY2019)[24],Standard & Poor's:[25][26]A- (Domestic)BBB+ (Foreign)A (T&C Assessment)Outlook: StableMoody's:[26]Baa1Outlook: StableFitch:[27]A- (Local Currency IDR)BBB+ (Foreign Currency IDR)A- (Country Ceiling)Outlook: StableJapan Credit Rating Agency:[28]A (Local Currency IDR)A- (Foreign Currency IDR)A+ (Country Ceiling)Outlook: Stable,"US$266.09 billion (net amount, June 2020)[29]","WTO, APEC, IOR-ARC, ASEAN",,"38,917,441 (2019)[13] 67.3% employment rate (2018)[14]",,,None,,,,,
22,Tanzania,59441988,0.756%,8394,15.1%,2018,"9984
","2019
",  Switzerland," India
",,,,,"Tanzanian shilling (TZS, TSh)",1 July – 30 June,,Developing/Emerging[1]Lower-middle income economy[2],"$62.224 billion (nominal, 2019 est.)[4] $193.504 billion (PPP, 2019 est.)[5]","74th (nominal, 2019)66th (PPP, 2020)",5.4% (2018) 5.8% (2019e)2.5% (2020f) 5.5% (2021f)[6],"$1,105 (nominal, 2019 est.)[4] $3,402 (PPP, 2019 est.)[4]","158th (nominal, 2019)154th (PPP, 2019)",agriculture: 23.4%industry: 28.6%services: 47.6%(2017 est.)[3],,3.9% (2020 est.)[5],26.4% (2018)[8]76.6% on less than $3.20/day (2017)[9],40.5 medium (2017)[10],0.528 low (2018)[11] (159th) 0.397 low IHDI (2018)[12],,,2.2% (2017)[16],"agricultural processing (sugar, beer, cigarettes, sisal twine); mining (diamonds, gold, and iron), salt, soda ash; cement, oil refining, shoes, apparel, wood products, fertilizer[3]","141st (medium, 2020)[17]","ListGold ($1,725.1 m)Manufactured goods ($1,347.9 m)Tobacco ($332 m)Fish products ($178.6 m)Coffee ($127.7 m)Cashew ($131.6 m)Cotton ($92.1 m)Clove ($63.5 m)Diamond ($63.2 m)Horticulture ($31.8 m)Sisal ($18.1 m)",India 21.4% China 8.1% Japan 5.1% Ireland 4.6% Belgium 4.3%(2015)[19],"ListIntermediate good ($4,7959 m)Capital good ($3,4333 m)Consumer goods ($2,5968 m)",China 15.5% India 12.7% United States 9.6% Germany 6.8% United Kingdom 4.3% Russia 3.9%(2015)[20],$12.715 billion (2013)[21],–4.002 billion (October 2015)[18],$15.4 billion (October 2015)[18],37% of GDP (2017 est.)[3],–1.8% (of GDP) (2017 est.)[3],7.873 billion (2017 est.)[3],8.818 billion (2017 est.)[3],n/a (TBD),"$4,383.6 million (4.5 months of imports; 2013)[18]","AU, AfCFTA (signed), EAC, SADC, WTO",12% (2014)[7],"27,170,626 (2019)[13] 82.2% employment rate (2014)[14]",Agriculture: 50%[15]:page 56,,$490 million (recipient; 2014)[22],,,,,
23,Italy,59257566,0.754%,632619,31.6%,2019,"473562
","2019
", European Union," European Union
","6,300","2010 est.
","100,514","1,189
","Euro (EUR, €) (Except in Campione d'Italia – CHF)",1 January – 31 December,,Developed/Advanced[1]High-income economy[2],"$1.962 trillion (nominal, 2020)[4] $2.4 trillion (PPP, 2020 est.)[5]","8th (nominal, 2020)12th (PPP, 2020)",+0.8% (2018)+0.3% (2019)−10.6% (2020e)+5.2% (2021e)[5],"$30,657 (nominal, 2020 est.)[5] $40,066 (PPP, 2020 est.)[5]","25th (nominal, 2020)31st (PPP, 2020)",agriculture: 2.1%industry: 23.9%services: 73.9%(2017 est.)[6],,0.1% (2020 est.)[5]0.6% (2019)[5]1.2% (2018)[5],"5.7% in poverty, 2014;[7] 27.3% at risk of poverty or social exclusion (AROPE, 2018)[8]","33.4 medium (2018, Eurostat)[9]",0.892 very high (2019)[10] (29th) 0.783 high IHDI (2019)[11],,,9.0% (December 2020)[13] 31.1% youth unemployment (15 to 24 year-olds; July 2020)[14] 2.1 million unemployed (Q2 2020)[12],tourismmachineryrobotsaircraftelectronicsdefense systemsiron and steelchemicalsfood processingpharmaceuticaltextilesmotor vehiclesclothingfootwearceramicscruise shipelectric power,"58th (easy, 2020)[15]","Engineering products, textiles and clothing, production machinery, motor vehicles, transport equipment, chemicals; foodstuffs, beverages, and tobacco; minerals, nonferrous metals",Germany 12.5% France 10.3% United States 9% Spain 5.2% United Kingdom 5.2%  Switzerland 4.6%(2017)[6],"Engineering products, chemicals, transport equipment, energy products, minerals and nonferrous metals, textiles and clothing; food, beverages, tobacco",Germany 16.3% France 8.8% China 7.1% Netherlands 5.6% Spain 5.3% Belgium 4.5%(2017)[6],$552.1 billion (31 December 2017 est.)[6] Abroad: $671.8 billion (31 December 2017 est.)[6],$59.52 billion (2019 est.)[6],$3.024 trillion (31 December 2020)[16],161.8% of GDP (2020)[17] €2.410 trillion (2019)[17],€29.3 billion deficit (2019)[17]−1.6% of GDP (2019)[17],47.1% of GDP (2019)[17],48.7% of GDP (2019)[17],Standard & Poor's:[19] BBBOutlook: StableMoody's:[20] Baa2Outlook: NegativeFitch:[21] BBBOutlook: StableScope:[22] BBB+Outlook: Negative,$200.2 billion (31 December 2020 est.)[6],"European Union, WTO, OECD, AIIB",,22.8 million (Q2 2020)[12] 57.6% employment rate (Q2 2020)[12],agriculture: 3.9%industry: 28.3%services: 67.8%(2011)[6],,"donor: ODA, $4.86 billion (2016)[18]","€2,446 / $2,740 monthly (2019)",,,"€1,729 / $1,936 monthly (2019)",
24,Myanmar,55294979,0.703%,15765,30.4%,2018,"25978
","2019
", China," China
",,,"8,833","284
",kyat (MMK),1 October– 30 September,,Developing/Emerging[1]Lower-middle income economy[2],"US$75.50 billion (nominal, 2020 est.) $275.513 billion (PPP, 2020 est.)[4]","73rd (nominal, 2019)50th (PPP, 2019)",6.8% (2018) 6.3% (2019e)1.5% (2020f) -10% (2021f) *Myanmar’s economy to contract by 10% in 2021 due to coup (World Bank)*Projected GDP growth might be affected by the 2021 coup.,,,,,,,,,,,,,,,,,,,,,,,,,,,"WTO, ASEAN, BIMSTEC",,,,,,,,,,
25,Colombia,51049498,0.649%,61697,15.9%,2019,"87072
","2019
", United States," United States
","681,000","2015 est.
","791,844","18,452
",Colombian peso (COP),Calendar year,"WTO, OECD, Pacific Alliance, CAN",Developing/Emerging[1]Upper-middle income economy[2],"$327.895 billion (nominal, 2019 est.)[4] $785.836 billion (PPP, 2019)[5]","38th (nominal, 2019)31st (PPP, 2020)",2.5% (2018) 3.3% (2019e)−4.9% (2020f) 3.6% (2021f)[6],"$6,508 (nominal, 2019 est.)[4] $15,541 (PPP, 2019 est.)[4]","85th (nominal, 2019)85th (PPP, 2019)",agriculture: 7.2%industry: 30.8%services: 62.1%(2017 est.)[7],,3.5% (2020 est.)[5],27% in poverty (2018)[8] 27.8% on less than $5.50/day (2018)[9],51.7 high (2018)[10],0.767 high (2019)[11] (83rd) 0.595 medium IHDI (2019)[12],"26,788,369 (2019)[13] 62.2% employment rate (2018)[14]",agriculture: 17%industry: 21%services: 62%(2011 est.)[7],12.2% (March 2020)[15] 12.2% (2020 est.)[5] 21.8% youth unemployment (March 2020)[16],"textiles, food processing, oil, clothing and footwear, beverages, chemicals, cement; gold, coal, emeralds, shipbuilding, electronics industry, home appliance","67th (easy, 2020)[17]","petroleum, coal, coffee, gold, bananas, cut flowers, coke (fuel), ferroalloys, emeralds",United States 28.5% Panama 8.6% China 5.1%(2017)[7],"industrial equipment, transportation equipment, electric machinery and equipment, organic chemicals, pharmaceutical products, medical and optical equipment",United States 26.3% China 19.3% Mexico 7.5% Brazil 5% Germany 4.1%(2017)[7],$179.6 billion (31 December 2017 est.)[7] Abroad: $55.51 billion (31 December 2017 est.)[7],−$10.36 billion (2017 est.)[7],$124.6 billion (31 December 2017 est.)[7],49.4% of GDP (2017 est.)[7][note 1],−2.7% (of GDP) (2017 est.)[7],83.35 billion (2017 est.)[7],91.73 billion (2017 est.)[7],Standard & Poor's:[18]BBB+ (Domestic)BBB (Foreign)A-(T&C Assessment),$47.13 billion (31 December 2017 est.)[7],,,,,,$32 billion,,,,,
26,Kenya,47564296,0.605%,10440,12%,2017,"17220
","2019
", European Union," India
",,,,,"Kenyan shilling (KES, KSh)",,,Developing/Emerging[1]Lower-middle income economy[2],"$101.048 billion (nominal, 2020 est.)[4] $243.137 billion (PPP, 2020 est.)[5]","61st (nominal, 2019)[6]71st (PPP, 2019)[6]",6.3% (2018) 5.6% (2019e)1.0% (2020e) 6.1% (2021e)[7],"$2,075 (nominal, 2020 est.)[8] $4,993 (PPP, 2020 est.)[9]","140th (nominal, 2019)147th (PPP, 2019)",Agriculture: 34.5%Industry: 17.8%Services: 47.5%(2017 est.)[10],,5.1% (2020 est.)[7],16% (January 2020 est.)[11],48.5 high (2016 est.)[10],0.601 medium (2019)[12] (143th)0.443 low IHDI (2019)[13],,,9.31% (2018 est.)[16],"Small-scale consumer goods (plastic, furniture, batteries, textiles, clothing, soap, cigarettes, flour), agricultural products, horticulture, oil refining; aluminum, steel, lead; cement, commercial ship repair, tourism, information technology","56th (easy, 2020)[17]","Tea, horticultural products, coffee, petroleum products, fish, cement, apparel",Uganda 10.8% Pakistan 10.6% United States 8.1% Netherlands 7.3% United Kingdom 6.4% Tanzania 4.8% United Arab Emirates 4.4%(2017)[10],"Machinery and transportation equipment, oil, petroleum products, motor vehicles, iron and steel, resins and plastics",China 22.5% India 9.9% United Arab Emirates 8.7% Saudi Arabia 5.1% Japan 4.5%(2017)[10],$8.738 billion (31 December 2017 est.)[10] Abroad: $1.545 billion (31 December 2017 est.)[10],−$5.021 billion (2017 est.)[10],$27.59 billion (31 December 2017 est.)[10],54.2% of GDP (2017 est.)[10],−6.7% (of GDP) (2017 est.)[10],13.95 billion (2017 est.)[10],19.24 billion (2017 est.)[10],Standard & Poor's:[18]B+ (Domestic)B+ (Foreign)BB- (T&C Assessment)Outlook: Stable[19]Fitch:[19]B+Outlook: Stable,$7.354 billion (31 December 2017 est.)[10],"AU, AfCFTA, EAC, COMESA, CEN-SAD, WTO and others",,"21,190,309 (2019)[14]72.4% employment rate (2016)[15]",Agriculture: 61.1%Industry: 6.7%Services: 32.2%(2005 est.)[10],,,,,,,
27,Spain,47351567,0.602%,486053,34.9%,2019,"375485
","2019
", European Union," European Union
",,,628,"57
","Euro (EUR, €)",Calendar year,,Developed/Advanced[1]High-income economy[2],"$1.45 trillion (nominal, 2021 est.)[4] $1.94 trillion (PPP, 2021 est.)[4]","13th (nominal, 2021)15th (PPP, 2021)",2.4% (2018) 2.0% (2019)−12.8% (2020e) 7.2% (2021e)[4],"$31,178 (nominal, 2021 est.)[4] $41,736 (PPP, 2021 est.)[4]","29th (nominal, 2020)36th (PPP, 2020)",agriculture: 2.6%industry: 23.2%services: 74.2%(2017 est.)[5],,−0.2% (2020 est.)[4]0.7% (2019)[4]1.7% (2018)[4],"25.3% at risk of poverty or social exclusion (AROPE, 2019)[6]","33.0 medium (2019, Eurostat)[7]",0.904 very high (2019)[8] (25th) 0.783 high IHDI (2019)[9],,,16.2% (August 2020)[12] 41.7% youth unemployment (15 to 24 year-olds; July 2020)[13],"Machine tools, pharmaceuticals, metals and metal manufactures, chemicals, shipbuilding, automobiles, medical equipment, textiles and apparel (including footwear), food and beverages, clay and refractory products, footwear, tourism[15][16]","30th (very easy, 2020)[17]","Machinery, motor vehicles; foodstuffs, pharmaceuticals, medicines, other consumer goods",France 15.1% Germany 11.3% Italy 7.8% Portugal 7.1% United Kingdom 6.9% United States 4.4%(2017)[5],"Fuels, chemicals, semi-finished goods, foodstuffs, consumer goods, machinery and equipment, measuring and medical control instruments",Germany 14.2% France 11.9% China 6.9% Italy 6.8% Netherlands 5.1% United Kingdom 4%(2017)[5],$824.8 billion (31 December 2017 est.)[5] Abroad: $776.8 billion (31 December 2017 est.)[5],$29.6 billion (2019 est.)[5],$2.094 trillion (31 December 2017 est.)[5],95.5% of GDP (2019)[18] €1.189 trillion (2019)[18],€35.2 billion deficit (2019)[18]−2.8% of GDP (2019)[18],39.1% of GDP (2019)[18],41.9% of GDP (2019)[18],Standard & Poor's:[19]A (Domestic)A (Foreign)AAA (T&C Assessment)Outlook: Positive[20]Moody's:[20]Baa1Outlook: StableFitch:[20]A-Outlook: PositiveScope:[21]A-Outlook: Negative,$79.36 billion (November 2020 est.)[5],"EU, WTO and OECD",,"23,120,097 (2019)[10] 67.0% employment rate (2018)[11]",agriculture: 4.2%industry: 24.0%services: 71.7%(2009)[5],,,"€1,876 / $2,182 monthly (2018)","€19,592 annually (2017)[14]",,"€1,357 / $1,578 monthly (2018)",
28,Argentina,45808747,0.583%,79339,17.3%,2019,"49125
","2019
", Brazil," Brazil
","90,920","2010 est.
","440,335","11,644
",Argentine peso (ARS),Calendar year,"WTO, Mercosur, Prosur, Unasur (suspended), G-20",Developing/Emerging[1]Upper-middle income economy[2],"$418.150 billion (nominal, 2021 est.)[4] $1.015 trillion (PPP, 2021 est.)[4]","31st (nominal, 2021 est.)28th (PPP, 2021 est.)",−2.5% (2018) −2.1% (2019)−9.9% (2020f) +5.8% (2021f)[5],"$9,122 (nominal, 2021 est.)[4] $22,141 (PPP, 2021 est.)[4]","71st (nominal, 2021 est.)60th (PPP, 2021 est.)","Agriculture, forestry, and fishing: 6.0%mining: 3.6%manufacturing: 17.2%construction: 5.6%commerce and tourism: 16.9%transport, communications, and utilities: 7.9%government: 9.5%business, social and other services: 33.3%.(2015)[6]",,42.0% (2020 est.)[7],"33% (2018) (UCA)[8] 32.0% (2018, World Bank)[9] 9.6% on less than $5.50/day (2018)[10]",41.4 medium (2018)[11],0.845 very high (2019)[12] (46th) 0.729 high IHDI (2019)[13],"20,434,054 (2019)[14] 54.1% employment rate (2018)[15]","Agricultural 7.3%manufacturing 13.1%construction 7.6%commerce and tourism 21.4%transport, communications and utilities 7.8%financial, real estate and business service, 9.4%public administration and defense 6.3%social services and other 27.1% (2006)[16]",11.3% (2020)[17] 9.8% (2019)[18],Food processing and beveragesmotor vehicles and auto partsappliances and electronicsmachinery and equipmentchemicalspharmaceuticalsglasssteel and aluminumcementtextilestobacco productspublishingfurnitureleather,"126th (medium, 2020)[20]","Soybeans and derivatives, petroleum and gas, vehicles, corn, wheat",Brazil(-) 15.0% China(+) 10.0% United States(+) 6.0% Chile(+) 5.0%(2020)[21],"Machinery, motor vehicles, petroleum and natural gas, organic chemicals, plastics",Brazil(-) 20.0% China(+) 20.0% United States(-) 10.0% Germany(-) 6.0%(2020)[21],$76.58 billion (31 December 2017 est.)[22] Abroad: $40.94 billion (31 December 2017 est.)[22],−$31.32 billion (2017 est.)[22],"$214.9 billion (31 December 2017 est.)[22]$163.2 billion; of which public, $92.5 billion (March 2016)[23]","97.7% of GDP (2018)[24] $222.7 billion (bonds, 68%); 44.8% of GDP (December 2015)[23]",−6% (of GDP) (2017 est.)[22],"120.6 billion (2017 est.)[22]$142.9 billion (2015) (social security, 25.9%; income and capital gains, 23.6%; value-added sales tax, 20.1%; trade and duties, 15.1%; financial tax, 6.3%; excise and other, 9.0%)[25]","158.6 billion (2017 est.)[22]$167.3 billion (2015) (social security, 38.8%; subsidies and infrastructure, 22.5%; debt service, 9.2%; education, culture and research, 8.8%; social assistance, 5.4%; health, 3.4%; security, 3.1%; defense, 2.1%; other, 6.7%)[25][26]",Standard & Poor's:[27]B- (Domestic)SD (Foreign)B- (T&C Assessment),$44.78 billion (30 December 2019)[22],,,,,,,"AR$80,381 monthly (December 2020)[19]",,,,
29,Algeria,44700000,0.569%,37572,22.6%,2017,"40430
","2019
", European Union," European Union
","798,900","2014 est.
","1,122,432","33,205
","Algerian dinar (DZD, دج)",,,Developing/Emerging[1]Upper-middle income economy[2],"$172.781 billion (nominal, 2020 est.)[4] $681.396 billion (PPP, 2019 est.)[4]","53rd (nominal, 2019)35th (PPP, 2019)",1.4% (2018) 0.9% (2019e)−2.0% (2020f) 4.1% (2021f)[5],"$3,980 (nominal, 2019 est.)[4] $15,696 (PPP, 2019 est.)[4]","112th (nominal, 2019)83rd (PPP, 2019)",agriculture: 13.3%industry: 39.3%services: 47.4%(2017 est.)[3],,4.1% (2020 est.)[4],5.5% (2011)[6]29.2% on less than $5.50/day (2011)[7],27.6 low (2011)[8],0.759 high (2018)[9] (82nd) 0.604 medium IHDI (2018)[10],,,11.7% (2017 est.)[3],"petroleum, natural gas, light industries, mining, electrical, petrochemical, food processing","157th (below average, 2020)[13]","petroleum, natural gas and petroleum products 94% (2017)[14]",Italy(+) 17.4% Spain(+) 13% France(+) 11.9% United States(+) 9.4% Brazil(+) 6.2% Netherlands(+) 5.2%(2017)[3],"capital goods, foodstuffs, consumer goods",China(-) 18.2% France(+) 9.2% Italy(+) 8% Germany(+) 7% Spain(+) 6.9% Turkey(+) 4.4%(2017)[3],$29.05 billion (31 December 2017 est.)[3] Abroad: $1.893 billion (31 December 2017 est.)[3],−$22.1 billion (2017 est.)[3],$6.26 billion (31 December 2017 est.)[3],27.5% of GDP (2017 est.)[3] [note 1],−9.6% (of GDP) (2017 est.)[3],54.15 billion (2017 est.)[3],70.2 billion (2017 est.)[3],,$97.89 billion (31 December 2017 est.)[3],"AU, AfCFTA (signed), OPEC, GECF, WTO  and others",,"12,316,707 (2019)[11] 36.9% employment rate (2017)[12]",agriculture: 10.8%industry: 30.9%services: 58.4%(2011 est.)[3],,,,,,,
30,Sudan,43378630,0.552%,4996,12.6%,2018,"6641
","2019
", China," China
","97,270","2010 est.
","64,740","–
",Sudanese pound (SDG),Calendar Year,,Developing/Emerging[1]Lower-middle income economy[2],"$30.873 billion (nominal, 2019 est.)[4] $175.228 billion (PPP, 2019 est.)[5]","98th (nominal, 2019)73rd (PPP, 2019)",−2.3% (2018e) −2.5% (2019e)−7.2% (2020e) −3.0% (2021e)[5],"$714 (nominal, 2019 est.)[4] $4,072 (PPP, 2019 est.)[4]","173rd (nominal, 2019)138th (PPP, 2018)",agriculture: 39.6%industry: 2.6%services: 57.8%(2017 est.)[6],,81.3% (2020 est.)[5],46.5% in poverty (2009)[7]41% on less than $3.20/day (2009)[8],35.3 medium (2013)[9],0.507 low (2018)[10] (168th)0.332 IHDI (2018)[11],,,25.0% (2020 est.)[5] 19.6% (2017 est.)[6],"oil, cotton ginning, textiles, cement, edible oils, sugar, soap distilling, shoes, petroleum refining, pharmaceuticals, armaments, automobile/light truck assembly, milling","171st (below average, 2020)[14]","gold; oil and petroleum products; cotton, sesame, livestock, peanuts, gum Arabic, sugar",UAE 55.5% Egypt 14.7% Saudi Arabia 8.8%(2017)[6],"foodstuffs, manufactured goods, refinery and transport equipment, medicines, chemicals, textiles, wheat",UAE 12.7% Egypt 10.6% India 10.5% Turkey 10.2% Japan 7.6% Saudi Arabia 6.0% Russia 4.6%(2017)[6],$25.47 billion (31 December 2016 est.)[6] Abroad: NA,−$4.811 billion (2017 est.)[6],$56.05 billion (2017 est.)[6],121.6% of GDP (2017 est.)[6],−10.6% (of GDP) (2017 est.)[6],8.48 billion (2017 est.)[6],13.36 billion (2017 est.)[6],,$198 million (31 December 2017 est.)[6],"AU, AfCFTA (signed), Arab League, COMESA, WTO",,"12,064,673 (2019)[12]41.1% employment rate (2011)[13]",agriculture: 80%industry: 7%services: 13%(1998 est.)[6],,,,,,,
31,Uganda,42885900,0.546%,6125,19.4%,2019,"3588
","2019
", European Union," India
",,,,,"Ugandan shilling (UGX, USh)",1 July – 30 June,,Least Developed[1]Low-income economy[2],"$36.484 billion (nominal, 2020 est.)[3] $113.476 billion (PPP, 2020 est.)[3]","90th (nominal, 2017)",3.9% (2017) 5.9% (2018)6.1% (2019e) 6.5% (2020f)[4][note 1],"$916.156 (nominal, 2020 est.)[3] $2,752 (PPP, 2020 est.)[3]",,Agriculture: 71.9%Industry: 4.4%Services: 23.7%(2017 est.),,3.2% (2019)[3],21.4% (2017 est.)[6]41.7% on less than $1.90/day (2016)[7],42.8 medium (2016)[8],0.528 low (2018)[9] (159th)0.387 IHDI (2018)[10],,,,"sugar processing, brewing, tobacco, cotton textiles, cement, steel production[6]","116th (medium, 2020)[13]","coffee, fish and fish products, tea, cotton, flowers, horticultural products, gold[6]",Kenya 17.7% UAE 16.7% DR Congo 6.6% Rwanda 6.1% Italy 4.8%(2017)[6],"capital equipment, vehicles, petroleum, medical supplies, cereals[6]",China 17.4% India 13.4% UAE 12.2% Kenya 7.9% Japan 6.4% Saudi Arabia 6.3% Indonesia 4.4% South Africa 4.1%(2017)[6],$10.909 billion (2016)[14],−$1.212 billion (2017 est.)[6],$7.163 billion (31 December 2017 est.)[6],"$11.2 billion ($3.8 billion, domestic) (2018)[15]",–4.1% (of GDP) (2017 est.)[6],$3.98 billion (2017)[16],$7.66 billion (2017)[16],Standard & Poor's:  B[17],$3.654 billion (31 December 2017 est.)[6],"AU, EAC, COMESA, WTO",19.1% (31 December 2017 est.)[5],"16,833,878 (2019)[11]48.0% employment rate (2017)[12]",agriculture: 71%industry: 7%services: 22%(2013 est.)[6],,$3.68 billion (2017)[16],,,,,
32,Ukraine,41554836,0.529%,63421,41.2%,2019,"51078
","2019
", European Union," European Union
",,,"33,577","720
",Hryvnia (UAH),Calendar year,"GUAM, WTO, CISFTA, DCFTA (EU), BSEC",Developing/Emerging[1]Lower-middle income economy[2],"$142 billion (nominal, 2020 est.)[4] $528 billion (PPP, 2020 est.)[5]","56th (nominal, 2019)48th (PPP, 2019)",3.3% (2018) 3.2% (2019e)−7.2% (2020f) 3.0% (2021f)[6],"$3,425 (nominal, 2020 est.)[4] $12,710 (PPP, 2020 est.)[4]","119th (nominal, 2019)107th (PPP, 2019)",Agriculture: 12.2%Industry: 28.6%Services: 60%(2017 est.)[7],,,1.3% (2018)[8] 0.4% on less than $3.20/day (2020f)[9],"26.1 low (2018, World Bank)[10]",0.779 high (2020)[11] (74th) 0.701 high IHDI (2018)[12],"20,203,893 (2019)[13] 57.1% employment rate (2018)[14]",agriculture 5.8%industry 26.5%services 67.8%(2014)[7],,"coal, electric power, ferrous and nonferrous metals, machinery and transport equipment, chemicals, food processing","64th (easy, 2020)[15]","ferrous and nonferrous metals, fuel and petroleum products, chemicals, machinery and transport equipment, food products","China(+) 14.5% Poland(+) 6.7% Russia(-) 5.5% Turkey(-) 5.0% Germany(-) 4.2% India(-) 4.0% Italy(-) 3.9%""(2020 estimate)"" (PDF).","energy (mainly natural gas),[17] machinery and equipment, chemicals","China(-) 15.4% Germany(-) 9.9% Russia(-) 8.4% Poland(+) 7.6% USA(-) 5.5% Belarus(-) 5.3%""(2020 estimate)"" (PDF).",$67.22 billion (31 December 2017 est.)[7] Abroad: $7.59 billion (31 December 2017 est.)[7],−$3.752 billion (2018 est.)[7][18][19],$47.9 billion (Apr 2018)[20],60.93% of GDP (2018)[21],,UAH 1.1 trillion / €37 bil. / $39 bil.(2017)[22],UAH 1.1 tril. / €38 bil. / $41 bil. (2017)[22],Standard & Poor's:[23][24][25]B- (Domestic)B+ (Foreign)B+ (T&C Assessment)Outlook: StableMoody's:[26]Caa1[25]Outlook: StableFitch:[27][25]BOutlook: Stable,$28.802 billion (1 Aug 2020 est.)[28],,,,,,recipient: $0.4 billion (2006); International Monetary Fund Extended Funds Facility: $2.2 billion (1998),"UAH 12,264 / €455 / $519 monthly (December, 2019)",,,"UAH 9,872 / €366 / $418 monthly (December, 2019)",
33,Iraq,41190700,0.524%,88903,37.1%,2019,"33076
","2019
", China," China
","3,800,000","2018 est.
","4,102,311","119,664
",Iraqi dinar (IQD),,,Developing/Emerging[1]Upper-middle income economy[2],"$224.228 billion (nominal, 2018 est.)[4] $669.906 billion (PPP, 2018 est.)[4]","49th (nominal, 2019)34th (PPP, 2019)",−0.6% (2018) 4.4% (2019e)−5.0% (2020f) 1.9% (2021f)[5],"$5,882 (nominal, 2018 est.)[4] $17,572 (PPP, 2018 est.)[4]","90th (nominal, 2018)76th (PPP, 2018)",agriculture: 3.3%industry: 51%services: 45.8%(2017 est.)[6],,0.367% (2018 est.)[4],23% (2014 est.)[6]57.3% on less than $5.50/day (2012)[7],29.5 low (2012)[8],0.689 medium (2018)[9] (120th)0.552 IHDI (2018)[10],,,13.0% (2017)[13],"petroleum, chemicals, textiles, leather, construction materials, food processing, fertilizer, metal fabrication/processing","172nd (below average, 2020)[14]","crude oil 99%, crude materials excluding fuels, food and live animals",India(+) 21.2% China(-) 20.2% United States(+) 15.8% South Korea(+) 9.4% Greece(+) 5.3% Italy(+) 4.7%(2017)[6],"food, medicine, manufactures",Turkey(+) 27.8% China(-) 25.7% South Korea(+) 4.7% Russia(+) 4.3%(2017)[6],$26.63 billion (2015 est.)[6] Abroad: $2.109 billion (2015 est.)[6],$4.344 billion (2017 est.)[6],$73.02 billion (31 December 2017 est.),59.7% of GDP (2017 est.),−4.2% (of GDP) (2017 est.),68.71 billion (2017 est.),76.82 billion (2017 est.),B- (Standard & Poor's)[citation needed],$48.88 billion (31 December 2017 est.)[6],OPEC,,"10,378,577 (2019)[11] 36.4% employment rate (2017)[12]",agriculture: 21.6%industry: 18.7%services: 59.8%(2008 est.)[6],,"$700,000,000 (2017)",,,1 Iraqi Dinar equals0.000838 US dollar,,
34,Canada,38416561,0.489%,548717,31.6%,2019,"453157
","2019
", United States," United States
","3,596,690","2018
","4,201,101","100,931
","Canadian dollar (CAD, C$)",April 1 – March 29,"OECD, WTO and others",Developed/Advanced[1]High-income economy[2],"$1.6 trillion (nominal, 2020 est.)[4] $1.8 trillion (PPP, 2020 est.)[4]","9th (nominal, 2020)15th (PPP, 2020)",2.0% (2018) 1.7% (2019)−7.1% (2020e) 5.2% (2021e)[4],"$42,080 (nominal, 2020 est.)[4] $47,569 (PPP, 2020 est.)[4]","17th (nominal, 2020)21st (PPP, 2020)",agriculture: 1.6%industry: 28.2%services: 70.2%(2017 est.)[5],,0.6% (2020 est.)[4],"11.0% (official, 2018; StatCan)[6]","30.3 medium (2018, StatCan)[7]",0.929 very high (2019)[8] (16th) 0.848 very high IHDI (2019)[9],,,9.4% (January 2021)[10] 23.1% youth unemployment (August 2020; 15 to 24 year-olds)[11] 1.8 million unemployed (September 2020)[10],Transportation equipmentchemicalsmineralsfood productswood and paperfish productspetroleumnatural gas,"23rd (very easy, 2020)[13]","motor vehicles and parts, industrial machinery, aircraft, telecommunications equipment; chemicals, plastics, fertilizers; wood pulp, timber, crude petroleum, natural gas, electricity, aluminum",United States(+) 76.2% European Union(+) 7.7% China(-) 4.1% Japan(+) 2.1% Mexico(+) 1.5%Other 8.4%[15],"machinery and equipment, motor vehicles and parts, crude oil, chemicals, electricity, durable consumer goods",United States(+) 52.2% China(-) 12.1% European Union(+) 11.4% Mexico(+) 6.2% Japan(+) 3%Other 15.1%[15],"$1.045 trillion  (December 31, 2017 est.)[16] Abroad: $1.366 trillion (December 31, 2017 est.)[16]",$−17.3 billion (Q1 2019)[17],"$1.791 trillion (March 31, 2017)[18]",89.7% of GDP (2017 est.)[5][note 1],−1% (of GDP) (2017 est.)[5],649.6 billion (2017 est.)[5],665.7 billion (2017 est.)[5],Standard & Poor's:[20]AAAOutlook: StableMoody's:[21]AAAOutlook: StableFitch:[22]AA+Outlook: Stable,$86.3 billion (June 2019)[23][24],,,20.3 million (September 2020)[10] 59.1% employment rate (September 2020)[10],,,"donor: ODA, $3.96 billion (2016)[19]","$1,042 weekly (September 2019)[12]",,,,
35,Poland,38244000,0.487%,329839,55.8%,2019,"246653
","2019
", European Union," European Union
","3,615","2011 est.
","18,765","525
","Złoty (PLN, zł)",Calendar year,,Developing/Emerging[1]High-income economy[2]Developed market[3],"$581 billion (nominal, 2020 est.)[5] $1.3 trillion (PPP, 2020 est.)[5]","22nd (nominal, 2020)20th (PPP, 2020)",5.4% (2018) 4.5% (2019)−2.8% (2020) 4.6% (2021f)[5],"$15,304 (nominal, 2020 est.)[5] $33,739 (PPP, 2020 est.)[5]","47th (nominal, 2020)39th (PPP, 2020)",agriculture: 2.4%industry: 40.2%services: 57.4%(2017 est.)[6],,2.3% (2021e)[5]3.3% (2020e)[5]2.3% (2019)[5]1.6% (2018)[5],15.4% (2018)[7] 18.2% at risk of poverty or social exclusion (2019)[8],"28.5 low (2019, Eurostat)[9]",0.880 very high (2019)[10] (35th) 0.813 very high IHDI (2019)[11],,,3.1% (August 2020)[14] 9.5% youth unemployment (15 to 24 year-olds; July 2020)[15],machine buildingiron and steelmining coalchemicalsship buildingfood processingfurnitureglassbeveragestextiles,"40th (very easy, 2020)[16]",machinery and transport equipment 37.8%intermediate manufactured goods 23.7%miscellaneous manufactured articles 17.1%food and live animals 7.6% (2012 est.),Germany(+) 27.4% Czech Republic(+) 6.4% United Kingdom(+) 6.4% France(+) 5.6% Italy(+) 4.9% Netherlands(+) 4.4%(2017)[6],"machinery and transport equipment 38.0%intermediate manufactured goods 21.0%chemicals 15.0%minerals, fuels, lubricants and related materials 9.0% (2011 est.)",Germany(+) 27.9% China(-) 8.0% Russia(+) 6.4% Netherlands(+) 6.0% Italy(+) 5.3% France(+) 4.2% Czech Republic(+) 4.0%(2017)[6],$282.6 billion (31 December 2017 est.)[6] Abroad: $72.87 billion (31 December 2017 est.)[6],$1.584 billion (2017 est.)[6],$241 billion (31 December 2017 est.)[6],46.0% of GDP (2019)[17] PLN 1.0 trillion (2019)[17],PLN 16.8 billion deficit (2019)[17]−0.7% of GDP (2019)[17],41.3% of GDP (2019)[17],42.0% of GDP (2019)[17],Standard & Poor's:[20]A- (Domestic)A- (Foreign)A (T&C Assessment)Outlook: StableMoody's:[21]A2Outlook: StableFitch:[22]A-Outlook: StableScope:[23]A+Outlook: Stable,$113.3 billion (31 December 2017 est.)[6],"EU, WTO and OECD",,"18,176,456 (2019)[12] 72.2% employment rate (Target: 71%; 2018)[13]",agriculture: 11.5%industry: 30.4%services: 57.6%(2015)[6],,€67 billion from European Structural and Investment Funds (2007–2013)[18]€86 billion from European Structural and Investment Funds (2014–2020)[19],"PLN 5,974 / €1,317 / $1,602 monthly (December, 2020)",,,"PLN 4,300 / €948 / $1,153 monthly (December, 2020)",
36,Morocco,36217351,0.461%,44032,39.1%,2019,"51096
","2019
", European Union," European Union
",,,160,"4
",Moroccan dirham (MAD),Calendar year,,Developing/Emerging[1]Lower-middle income economy[2],"$119.040 billion (nominal, 2019 est.)[4] $328.651 billion (PPP, 2019 est.)[4]","58th (nominal, 2019)54th (PPP, 2019)",3.0% (2018) 2.3% (2019e)−1.7% (2020f) 5.5% (2021f)[5],"$3,345 (nominal, 2019 est.)[4] $9,235 (PPP, 2019 est.)[4]","121st (nominal, 2019)113th (PPP, 2018)",agriculture: 14.8%industry: 29.1%services: 56.%(2017 est.),,1.1% (2020 est.)[4],4.8% (2013)[6]7.7% on less than $3.20/day (2013)[7],39.5 medium (2013)[8],0.676 medium (2018)[9] (121st)N/A IHDI (2018)[10],,,10% (2017)[13],"Phosphates, rock mining and processing, high tech, food processing, leather goods, textiles, construction, tourism, automobile manufacturing","53rd (very easy, 2020)[14]","clothing and textiles, automobiles, aircraft parts, electric components, inorganic chemicals, transistors, crude minerals, fertilizers (including phosphates), petroleum products, citrus fruits, vegetables, fish",Spain 23.2% France 22.6% Italy 4.5% United States 4.2%(2017)[16],"Crude petroleum, textile fabric, telecommunications equipment, wheat, gas and electricity, transistors, plastics.",Spain 16.7% France 12.2% China 9.2% United States 6.9% Germany 6% Italy 5.9% Turkey 4.5%(2017)[16],$63.17 billion (31 December 2017 est.)[16] Abroad: $5.351 billion (31 December 2017 est.)[16],−$3.92 billion (2017 est.)[16],$45.72 billion (31 December 2017 est.),65.1% of GDP (2017 est.)[16],−3.6% (of GDP) (2017 est.)[16],22.81 billion (2017 est.)[16],24.6 billion (2017 est.)[16],Standard & Poor's:[17]BBB+ (Domestic)BBB- (Foreign)BBB+ (T&C Assessment)Outlook: Stable[18]Moody's:[18]Ba1Outlook: StableFitch:[18]BBB-Outlook: Positive,$23 billion (Jan 2017)[19],"AU, AfCFTA (signed), WTO, AMU, CAEU, ECOWAS",,"12,047,196 (2019)[11] 42.2% employment rate (2016)[12]",Agriculture: 39.1%Industry: 20.3%Services: 40.5%(2014),,$1200 million (2013),,,,,
37,Uzbekistan,34799042,0.443%,16994,31.2%,2019,"21867
","2019
",  Switzerland," China
",,,"37,997","1,682
",Soʻm (UZS),Calendar year,,Developing/Emerging[1]Lower-middle income economy[2],"$60.490 billion (nominal, 2019 est.)[4] $297.222 billion (PPP, 2019 est.)[4]","78th (nominal, 2019)59th (PPP, 2019)",5.4% (2018) 5.6% (2019e)1.5% (2020f) 6.6% (2021f)[5],"$1,832 (nominal, 2019 est.)[4] $9,000 (PPP, 2019 est.)[4]","144th (nominal, 2019)120th (PPP, 2018)",agriculture: 17.9%industry: 33.7%services: 48.5%(2017 est.)[6],,14.1% (2020 est.)[4],14% (2016 est.)[6] 86.4% on less than $3.20/day (2003)[7],36.7 medium (2013)[8],0.710 high (2018)[9] (108th)N/A IHDI (2018)[10],,,9.0% (2018)[13]20% underemployed (2017 est.)[6],"textiles, food processing, machine building, metallurgy, mining, hydrocarbon extraction, chemicals[6]","69th (easy, 2020)[14]","energy products, cotton, gold, mineral fertilizers, ferrous and nonferrous metals, textiles, foodstuffs, machinery, automobiles[6]",Switzerland(+) 38.7% China(-) 15.5% Russia(+) 10.7% Turkey(+) 8.6% Kazakhstan(+) 7.7% Afghanistan(+) 4.7%(2017)[6],"machinery and equipment, foodstuffs, chemicals, ferrous and nonferrous metals[6]",China(-) 23.7% Russia(+) 22.5% Kazakhstan(+) 10.7% South Korea(+) 9.8% Turkey(+) 5.8% Germany(+) 5.6%(2017)[6],,$1.713 billion (2017 est.)[6],$16.9 billion (31 December 2017 est.)[6],24.3% of GDP (2017 est.)[6],+0.3% (of GDP) (2017 est.)[6],15.22 billion (2017 est.)[6],15.08 billion (2017 est.)[6],,$16 billion (31 December 2017 est.)[6],"CIS, ECO, SCO, CISFTA, WTO (observer)",,"15,555,364 (2019)[11] 67.4% employment rate (2018)[12]",agriculture: 25.9%industry: 13.2%services: 60.9%(2012 est.)[6],,$172.3 million from the U.S. (2005),,,,,
38,Peru,33035304,0.420%,56119,24.2%,2018,"42364
","2019
", China," China
","15,610","2012 est.
","40,386","1,267
","Peruvian sol (PEN, S/)",calendar year,"CAN, Pacific Alliance, WTO, Prosur, Mercosur (associate), Unasur (suspended)",Developing/Emerging[1]Upper-middle income economy[2],"$228.989 billion (nominal, 2019 est.)[3] $478.303 billion (PPP, 2019 est.)[3]","48th (nominal, 2019)43rd (PPP, 2020)",4.0% (2018) 2.2% (2019e)−12.0% (2020f) 7.0% (2021f)[4],"$7,047 (nominal, 2019 est.)[3] $14,719 (PPP, 2019 est.)[3]","83rd (nominal, 2019)87th (PPP, 2019)",agriculture: 7.6%industry: 32.7%services: 59.9%(2017 est.)[5],,1.9% (2020 est.)[3],12.7% in multidimensional poverty (2019)[6] 20.5% (2018)[7] 22.1% on less than $5.50/day (2018)[8],"42.8 medium (2018, World Bank)[9]",0.777 high (2019)[10] (79th) 0.628 medium IHDI (2019)[11],"18,818,406 (2019)[12] 65.5% employment rate (2018)[13]",agriculture: 25.8%industry: 17.4%services: 56.8%(2011)[5],6.9% (2017 est.) note: data are for metropolitan Lima; widespread underemployment[5] 3.6% (2012)[14],miningMineral and jewel processingsteelmetal fabricationpetroleumnatural gasfishingfish processingcementglasstextilesclothingfood processingbeersoft drinksrubbermachineryelectrical machinerychemicalsfurniture,"76th (easy, 2020)[15]",copper 27.1%.gold 14.7%petroleum 6.3%zinc 4.5%copper cathodes 3.8% (2018)[16],China 27.6% United States 16.7% India 5.2% South Korea 5.1% Japan 4.6%(2018)[16],petroleum oils 15.2%transmitter equipment 3.3%automobiles 1.9%maize 1.6%[16],China 23.3% United States 21.3% Brazil 5.6 Mexico 4.5% Ecuador 4.5%(2018)[16],$98.24 billion (31 December 2017 est.)[5] Abroad: $5.447 billion (31 December 2017 est.)[5],−$2.414 billion (2017 est.)[5],$66.25 billion (31 December 2017 est.)[5],25.4% of GDP (2017 est.)[5],−3.1% (of GDP) (2017 est.)[5],58.06 billion (2017 est.)[5],64.81 billion (2017 est.)[5],Standard & Poor's:[18]A- (Domestic)BBB+ (Foreign)A (T&C Assessment)Outlook: Stable[19]Moody's:[20]A3Outlook: StableFitch:[21]BBB+Outlook: Negative,$63.83 billion (31 December 2017 est.)[5],,,,,,$27.267 million (2018 est.)[17],,,,,
39,Afghanistan,32890171,0.418%,1509,7.8%,2019,"5463
","2019
", Pakistan," Iran
",,,,,Afghani (AFN),21 December – 20 December,"WTO, SCO (observer), SAARC and ECO",Developing/Emerging[1]Low-income economy[2]Least developed country,"$19.01 billion (nominal, 2019 est.)[4] $78.88 billion (PPP, 2019 est.)[4]","113th (nominal, 2019)96th (PPP, 2019)",1.8% (2018) 2.9% (2019e)−5.5% (2020f) 1.0% (2021f)[5],"$499.4 (nominal, 2019 est.)[4] $2,070 (PPP, 2019 est.)[4]","177th (nominal, 2019)169th (PPP, 2018)",agriculture: 23%industry: 21.1%services: 55.9%(2016 est.)[6]note: data exclude opium production,,4.5% (2020 est.)[4],"54.5% (2016, World Bank)[7]NA% on less than $1.90/day[8]",,0.496 low (2018)[9] (170th)N/A IHDI (2018)[10],"14,450,224 (2019)[11]42.0% employment rate (2017)[12]",agriculture: 44.3%industry: 18.1%services: 37.6%(2017)[6],23.9% (2017 est.)[6],"small-scale production of textiles, soap, furniture, shoes, fertilizer, apparel, food-products, non-alcoholic beverages, mineral water, cement; handwoven carpets; natural gas, coal, copper","173rd (below average, 2020)[13]","fruits, nuts, Afghan rugs, wool, cotton, hides, gemstone, and medical herbs[14]",India(+) 56.5% Pakistan(+) 29.6% Iran(+) 3.1% Iraq(+) 2.1% Turkey(+) 1.9%(2016)[14],"machinery and other capital goods, food, textiles and petroleum products",China(-) 21% Iran(+) 20.5% Pakistan(+) 11.8% Kazakhstan(+) 11% Uzbekistan(+) 6.8% Malaysia(+) 5.3%(2017)[6],,$1.014 billion (2017 est.)[6],$2.84 billion (FY/)[6],7% of GDP (2017)[6],−15.1% (of GDP) (2017)[6],2.276 billion (2017)[6],5.328 billion (2017)[6],,$7.8 billion (2019)[15],,,,,,,,,,,
40,Malaysia,32762380,0.417%,246469,65.3%,2018,"204988
","2019
", Singapore," China
","269,000","2012 est.
","541,017","21,202
","Ringgit (MYR, RM)",Calendar year,,Developing/Emerging[1]Upper-middle income economy[2]Newly industrialized country,"$380.261 billion (nominal, 2021 est.)[4] $992.03 billion (PPP, 2021 est.)[4]","39th (nominal, 2020)25th (PPP, 2020)",4.7% (2018) 4.3% (2019e)−3.1% (2020f) 6.9% (2021f)[5],"$11,378 (nominal, 2021 est.)[4] $29,686 (PPP, 2021 est.)[4]",,agriculture:  7.1%industry:  36.8%services:  56.2%(2016)[6],,−1.1% (2020 est.)[4],5.6% (2020)[7]2.7% on less than $5.50/day (2015)[8],"41.0 medium (2015, World Bank)[9]",0.810 very high (2019)[10] (62nd)N/A IHDI (2019)[11],,,3.4% (June 2017)[15],"Electronics, semiconductors, microchips, integrated circuits, rubber, oleochemicals, automotive, optical devices, pharmaceuticals, medical equipment, smelting, timber, wood pulp, Islamic finance, petroleum, liquified natural gas, petrochemicals, telecommunication product","12th (very easy, 2020)[16]","Semiconductor & electronic products, palm oil, liquefied natural gas, petroleum, chemicals, machinery, vehicles, optical & scientific equipment, manufactures of metal, rubber, wood and wood products",China(+) 16% Singapore(+) 14% United States(+) 13% Japan(+) 6.7% Hong Kong(+) 5.2% Thailand(+) 4.1% India(+)3.4%(2017)[18],"Electrical & electronic products, machinery, chemicals, petroleum, plastics, vehicles, manufactures of metal, iron and steel products",China(+) 19% Singapore(+) 14% United States(+) 7.4% Japan(+) 6.8% Thailand(+) 5.5% Indonesia(+) 4.4% South Korea(+) 4.1%(2017)[18],$139.5 billion (31 December 2017 est.)[14] Abroad: $128.5 billion (31 December 2017 est.)[14],$9.296 billion (2017 est.)[14],$217.2 billion (31 December 2017 est.)[14],54.1% of GDP (2017 est.)[14][note 1],−3% (of GDP) (2017 est.)[14],51.25 billion (2017 est.)[14],60.63 billion (2017 est.)[14],Standard & Poor's:[19]A+ (Domestic)A− (Foreign)A+ (T&C Assessment)Outlook: NegativeMoody's:[20]A3Outlook: PositiveFitch:[21]BBB+Outlook: Stable,US$103.4 billion (30 April 2019)[22],"APEC, ASEAN, IOR-ARC, WTO",,"15,788,572 (2019)[12]66.1% employment rate (2018)[13]",agriculture: 11.1%industry: 36%services: 53%(2012 est.)[14],,$31.6 million (2005 est.),,,,,
41,Angola,32097671,0.408%,35180,40.8%,2019,"9200
","2019
", China," European Union
","1,420,588","2018
","1,249,678","61,417
","Angolan kwanza (AOA, Kz)",Calendar year,,Least developed[1]Lower-middle income economy[2],"$92 billion (nominal, 2019 est.)[4] $203 billion (PPP, 2019 est.)[4]","62nd (nominal, 2019)65th (PPP, 2019)",−2.0% (2018) −0.9% (2019e)−4.0% (2020f) 3.1% (2021f)[5],"$3,038 (nominal, 2019 est.)[4] $6,752 (PPP, 2019 est.)[4]","127th (nominal, 2019)125th (PPP, 2018)",agriculture: 10.2%industry: 61.4%services: 28.4%(2017 est.)[6],,15.0% (2020 est.)[4],36.6% (2008 est.)[7]69.8% on less than $3.20/day (2018)[8],51.3 high (2018)[9],0.574 medium (2018)[10] (149th) 0.392 low IHDI (2018)[11],,,6.6% (2016 est.)[6],"petroleum; diamonds, iron ore, phosphates, feldspar, bauxite, uranium, and gold; cement; basic metal products; fish processing; food processing, brewing, tobacco products, sugar; textiles; ship repair","177th (below average, 2020)[14]","crude oil, diamonds, refined petroleum products, coffee, sisal, fish and fish products, timber, cotton",China(-) 61.2% India(+) 13% United States(+) 4.2%(2017)[6],"machinery and electrical equipment, vehicles and spare parts; medicines, food, textiles, military goods",Portugal(+) 17.8% China(-) 13.5% United States(+) 7.4% South Africa(+) 6.2% Brazil(+) 6.1% United Kingdom(+) 4%(2017)[6],"$11.21 billion (December 31, 2017, est.)[6] Abroad: $28 billion (December 31, 2017, est.)[6]",−$1.254 billion (2017 est.)[6],"$42.08 billion (December 31, 2017, est.)[6]",65% of GDP (2017 est.)[6],−6.7% (of GDP) (2017 est.)[6],37.02 billion (2017 est.)[6],45.44 billion (2017 est.)[6],,"$17.29 billion (December 31, 2017, est.)[6]","AU, AfCFTA (signed), African Development Bank, SADC, ECCAS, World Bank, IMF, WTO, Group of 77, OPEC",,"13,183,538 (2019)[12]40.0% employment rate (2014)[13]",agriculture: 85%industry: 15% (2015 est.)industry and services: 15% (2003 est.)[6],,$383.5 million (1999 est.),,,,,
42,Ghana,30955202,0.394%,22515,36%,2018,"16865
","2019
", European Union," European Union
",,,"199,478","3,564
","Cedi (GHS, GH₵)",Calendar year,,Developing/Emerging[1]Lower-middle income economy[2],"$67.077 billion (nominal, 2019 est.)[4] $204.813 billion (PPP, 2019 est.)[5]","71st (nominal, 2019)62nd (PPP, 2019)",6.3% (2018) 6.1% (2019e)1.5% (2020e) 5.9% (2021e)[5],"$2,223 (nominal, 2019 est.)[4] $6,956 (PPP, 2019 est.)[4]","137th (nominal, 2019)129th (PPP, 2019)",agriculture: 18.3%industry: 24.%services: 57.2%(2017 est.)[6],,9.7% (2020 est.)[5],23.4% in poverty (2016)[7]30.5% on less than $3.20/day (2016)[8],43.5 medium (2016)[9],0.596 medium (2018)[10] (142nd)0.427 low IHDI (2018)[11],,,5.7% (2016)[14]11.9% (2015 est.)[6],"mining, lumbering, light manufacturing, aluminum smelting, food processing, cement, small commercial ship building, petroleum","118th (medium, 2020)[15]","oil, gold, cocoa, timber, tuna, bauxite, aluminum, manganese ore, diamonds, horticultural products",India 23.8% United Arab Emirates 13.4% China 10.8%  Switzerland 10.1% Vietnam 5.2% Burkina Faso 4%(2017)[6],"capital equipment, refined petroleum, foodstuffs",China 16.8% United States 8% United Kingdom 6.2% Belgium 5.9% India 4.1%(2017)[6],$19.85 billion (31 December 2013 est.)[6] Abroad: $16.62 billion (31 December 2013 est.)[6],−$2.131 billion (2017 est.)[6],$22.14 billion (31 December 2017 est.)[6],71.8% of GDP (2017 est.)[6],−6% (of GDP) (2017 est.)[6],9.544 billion (2017 est.)[6],12.36 billion (2017 est.)[6],,$7.555 billion (31 December 2017 est.)[6],"AU, AfCFTA, WTO, ECOWAS",,"12,844,477 (2019)[12]54.6% employment rate (2017)[13]",agriculture: 44.7%industry: 14.4%services: 40.9%(2013 est.)[6],,,,,,,
43,Mozambique,30832244,0.392%,5975,38%,2018,"7638
","2019
", European Union," South Africa
",,,,,Mozambican metical (MZN),Calendar Year,,Least Developed[1]Low-income economy[2],"$14.396 billion (nominal, 2018 est.)[3] $39.183 billion (PPP, 2018 est.)[3]",,3.7% (2017) 3.4% (2018)2.0% (2019e) 3.7% (2020f)[4],"$475 (nominal, 2018 est.)[3] $1,292 (PPP, 2018 est.)[3]",,agriculture: 29.5%industry: 23.9%services: 46.5%(2012 est.),,3.911% (2018)[3],52% (2009 est.),,0.446 low (2018)[5] (180th)0.309 IHDI (2018)[6],,,17% (2007 est.),"aluminum, coal, petroleum products, chemicals (fertilizer, soap, paints), cement, asbestos, glass, textiles, tobacco, food processing, beverages","138th (medium, 2020)[7]","aluminum, coal, bulk electricity, lumber, cotton, prawns, cashews, sugar, citrus",South Africa 30.5% Italy 9.8% China 9.4% Belgium 8% Spain 6.1% Egypt 5.1%(2013 est.)[8],"fuel, chemicals, machinery, vehicles, metal products, textiles, food",South Africa 26% India 13.9% China 12.6% Portugal 4.5% Australia 4.3%(2013 est.)[9],,,$7.79 billion (2014 est.),34.6% of GDP (2012 est.),-4.0% of GDP (2012 est.),$4.315 billion (2012 est.),$4.904 billion (2012 est.),Standard & Poor's:[10]B+ (Domestic)B+ (Foreign)B+ (T&C Assessment)Outlook: Stable[11]Fitch:[11]BOutlook: Stable,$2.77 billion (31 December 2012 est.),"AU, AfCFTA (signed), African Development Bank, SADC, World Bank, IMF, WTO, Group of 77",,10.1 million (2012 est.),agriculture: 77%industry: 8%Tertiary sector,,,,,,,
44,Yemen,30491000,0.388%,,,,"8995
","2019
", Saudi Arabia," United Arab Emirates
","175,200","2010 est.
","66,000","797
","Yemeni rial (YER, ر.ي)",Calendar year,,Least Developed[1]Low-income economy[2],"$27.591 billion (nominal, 2018 est.)[4] $69.439 billion (PPP, 2018 est.)[4]","100th (nominal, 2019)98th (PPP, 2019)",−5.1% (2017) 0.8 (2018e)2.1% (2019f) 2.0% (2020f)[5],"$895 (nominal, 2018 est.)[4] $2,253 (PPP, 2018 est.)[4]","165th (nominal, 2018)163rd (PPP, 2018)",agriculture: 20.3%industry: 11.8%services: 67.9%(2017 est.)[6],,27.600% (2018 est.)[4],48.6% (2014)[7]18.8% on less than $1.90/day (2014)[8],36.7 medium (2014)[9],0.463 low (2018)[10] (177th)0.316 IHDI (2018)[11],,,12.8% (2019 est.),"crude oil production and petroleum refining; small-scale production of cotton textiles, leather goods; food processing; handicrafts; aluminum products; cement; commercial ship repair; natural gas production","187th (below average, 2020)[14]","crude oil, coffee, dried and salted fish, liquefied natural gas",Egypt(+) 29.4% Thailand(+) 16.7% Belarus(+) 13.5% Oman(+) 10.5% United Arab Emirates(+) 6.5% Saudi Arabia(+) 5% Algeria(+) 4%(2017)[6],"food and live animals, machinery and equipment, chemicals",United Arab Emirates(+) 12.2% China(-) 12.1% Turkey(+) 8.7% Brazil(+) 7.3% Saudi Arabia(+) 6.5% Argentina(+) 5.5% India(+) 4.7% Indonesia(+) 4.5%(2017)[6],,−$1.236 billion (2017 est.)[6],$7.068 billion (31 December 2017 est.)[6],74.5% of GDP (2017 est.)[6],−5.2% (of GDP) (2017 est.)[6],2.821 billion (2017 est.)[6],4.458 billion (2017 est.)[6],,$245.4 million (31 December 2017 est.),"WTO, GAFTA",,"6,814,139 (2019)[12]31.4% employment rate (2014)[13]","most people are employed in agriculture and herding; services, construction, industry, and commerce account for less than one-fourth of the labor force[6]",,recipient: $2.3 billion (2003–07 disbursements),,,,,
45,Nepal,30378055,0.386%,2678,8.7%,2018,"9887
","2019
", India," India
",,,,,"Nepales rupee (NPR, रू)",16 July - 15 July,"WTO, SCO and SAFTA",Developing/Emerging[1]Lower-middle income economy[2],"$36.1 billion (nominal,2021 est)[4] $122.62 billion (PPP, 2021 est)[4]",,6.7% (17/18) 7.1% (18/19)-1.9% (19/20) 2.7% (20/21f)[5],"$1,235.61 (nominal, 2021 est.)[4] $4,199.08 (PPP, 2021 est.)[4]",,Agriculture: 26.5%Industry: 23.4%Services: 51.1%(2017 est.)[6],,6.15% (2020)[4],18.7% (2020)[7]31.2% on less than $3.20/day (2020)[8],32.8 medium (2010)[9],0.602 medium (2019)[10] (142nd) 0.446 low IHDI (2019)[11],,,1.47% (2020)[6],"tourism, carpets, textiles; small rice, jute, sugar, and oilseed mills; cigarettes, cement and brick production[6]","94th (easy, 2020)[14]","clothing, pulses, carpets, textiles, juice, jute goods[6]",India(+) 53.1% United States(+) 11.8% Turkey(+) 7.2%(2020)[6],"petroleum products, machinery and equipment, gold, electrical goods, medicine[6]",India(+) 68.03%(2021est.) China(-) 31.97%(2021est.)(2017)[6],$103 million (31 July 2013 est.)[6]Abroad: NA[6],−$68 million (2020)[6],$11 billion (31 December 2020)[6],40.16% of GDP (2019/20)[15],−0.1% (of GDP) (2017 est.)[6],5.925 billion (2017 est.)[6],5.945 billion (2017 est.)[6],,$12.65 billion (15 November 2020)[16],,,"16,016,973 (2020)[12]semi skilled labor[6]74.2% employment rate (2020)[13]",agriculture: 43.1%industry: 21.24%services: 35.66%(2020)[6],,,,,,,
46,Venezuela,28705000,0.365%,,,,"5596
","2019
", United States," United States
","1,245,000","2018
","527,063","69,914
",Bolívar soberano (VES),Calendar year,"WTO, OPEC, Unasur, MERCOSUR, ALBA",,"$42.530 billion (nominal, 2021 est.)[2] $144.737 billion (PPP, 2020 est.)[2]","92nd (nominal, 2021)78th (PPP, 2020)",−35.0% (2019e) −30.0% (2020e)−10.0% (2021e) −5.0% (2022e)[2],"$1,541 (nominal, 2021 est.)[2] $5,178 (PPP, 2020 est.)[2]","152nd (nominal, 2021)140th (PPP, 2020)",Agriculture: 4.7%Industry: 40.4%Services: 54.9%(2017 est.)[3],,"3,332% (AN estimate; annual; October 2020)[4] 1,813% (BCV; annual; September 2020)[5] 2,355% (IMF estimate; annual; 2020)[2]",87.0% (2017 est.)[6]19.7% (2015 est.)[3],39 medium (2011)[3],0.711 high (2019)[7] (113th) 0.588 medium IHDI (2019)[8],"11,063,337 (2020)[9]","Communal, social and personal services: 31.4%Commercial, restaurants and hotels: 23.4%Manufacturing industry: 11.6%Construction: 9.0%Transport, storage and communications: 8.7%Agriculture: 6.5%Financial, insurance and real estate: 6.1%(2015)[10]",44.3% (2019 est.)[2],"Petroleum, construction materials, food processing, iron ore mining, steel, aluminum; motor vehicle assembly, real estate, tourism and ecotourism",188th (2019)[11],"Petroleum, chemicals, agricultural products and basic manufactures",United States 42% China 23% India 19% Singapore 4.5% Spain 1.4%(2017)[13],"Food, clothing, cars, technological items, raw materials, machinery and equipment, transport equipment and construction material",United States 38% China 18% Mexico 12% Brazil 5.2% Colombia 3.5%(2017)[13],$32.74 billion (31 December 2017 est.)[3] Abroad: $35.15 billion (31 December 2017 est.)[3],$4.277 billion (2017 est.)[3],$100.3 billion (31 December 2017 est.)[3],38.9% of GDP (2017 est.)[3][note 1],−46.1% (of GDP) (2017 est.)[3],92.8 billion (2017 est.)[3],189.7 billion (2017 est.)[3],Standard & Poor's:[14]SD (domestic)SD (foreign)Outlook: negativeMoody's:[15] COutlook: stableFitch:[16] CC (domestic)RD (foreign)Outlook: negative,$8.999 billion (April 2019)[17] $9.661 billion (31 December 2017 est.)[3],,,,,,,,,,,
47,Madagascar,26923353,0.343%,4346,26.5%,2018,"3896
","2019
", European Union," China
",,,,,Malagasy ariary (MGA),calendar year,,Developing/Emerging[1]Low-income economy[2],"$9,769 billion (nominal, 2020 est.)[4] $50,628 billion (PPP, 2020 est.)[4]","119th (CIA, nominal)","4.6% (2018)[5]4.8% (2019)[5]-3.2% (2020, projected)[5]3.2% (2021, projected)[5]","USD 1,776$  (2020)[4]",,"services (60.3%), agriculture (23,7%), industry (16%) (2017 est.)",,7.8% (2017 est.),,42.6 medium (2012)[6],0.521 low (2018)[7] (162nd)0.386 low IHDI (2018)[8],,,1.8%[9],"meat processing, soap, breweries, tanneries, sugar, textiles, glassware, cement, automobile manufacturing, paper, petroleum, tourism,","161th (below average, 2020)[10]","coffee, vanilla, shellfish, sugar, cotton cloth, clothing, chromite, petroleum products",France 21.6%   United States 10.6%   Germany 8.8%   China 8.3%   Netherlands 5.7%   Canada 4.9%   Belgium 4.5%   Japan 4.4%   South Africa 4.1% (2013 est.)[12],"capital goods,  consumer goods, food",China 19.4%   France 11.9%   India 6.4%   South Africa 5.6%  Bahrain 4.6%   UAE 4.3%   Mauritius 4.2% (2014 est.)[12],,,,USD $3.914 billion (2017 est.),,USD $1.292 billion,USD $1.725 billion,,,"WTO, African Union",,13.40 million (2017 est.),,,recipient: $838 million (1997),,,,,
48,Australia,25778665,0.328%,342651,24.3%,2019,"214273
","2019
", China," China
","314,100","2010 est.
","351,180","12,010
",Australian dollar (AUD) = 0.77 USD,1 July – 30 June,,Developed/Advanced[1]High-income economy[2],"$1.3 trillion (nominal, 2020 est.)[4] $1.3 trillion (PPP, 2020)[5]","13th (nominal, 2020)18th (PPP, 2020)",2.7% (2018) 1.8% (2019)−6.7% (2020e) 6.1% (2021e)[5],"$51,885 (nominal, 2020 est.)[4] $50,845 (PPP, 2020 est.)[4]","10th (nominal, 2020)17th (PPP, 2020)",Services: 62.7%Construction: 7.4%Mining: 5.8%Manufacturing: 5.8%Agriculture: 2.8% (2017)[6],,1.4% (2020 est.)[5]1.3% annual/0.0% quarterly (March Qtr 2019)[7],13.6% (2017)[8],34.0 medium (2018)[9],0.944 very high (2019)[10] (8th) 0.867 very high IHDI (2019)[11],,,5.8% (February 2021)[12] 805 thousand unemployed (February 2021)[12] 12.9% youth unemployment (February 2021; 15 to 24 year-olds)[12],"Financial and insurance servicesConstructionHealthcare and social assistanceMiningProfessional, scientific and technical services[15]Manufacturing[16]","14th (very easy, 2020)[17]","iron ore, coal, natural gas, gold, aluminium, beef, crude petroleum, copper, meat (non-beef)[18]",China(-) 32.6% Japan(+) 13.1% South Korea(+) 5.9% United States(+) 5.3% India(+) 4.9% New Zealand(+) 3.4%[18],"petroleum, cars, telecom equipment and parts, goods vehicles, computers, medicaments, gold, civil engineering equipment, furniture[18]",China(-) 19.4% United States(+) 12.3% Japan(+) 6.4% Germany(+) 4.5% Thailand(+) 4.1% United Kingdom(+) 4.0%[18],Inward: $682.9 billionOutward: $491.0 billion (UNCTAD 2018)[19],−A$38.8 billion (2018 est.)[20],"US$2.095 trillion (Q1, 2019)[21]",41.1% of GDP (April 2019)[22],−0.2% (of GDP) (2019)[23][24],A$485.2 billion (2019)[23],A$482.7 billion (2019)[23],Standard & Poor's:[26]AAAOutlook: StableMoody's:[27]AAAOutlook: StableFitch:[28]AAAOutlook: Stable,$66.58 billion (31 December 2017 est.)[3],"APEC, CPTPP, G20, OECD, WTO",,13.9 million (December 2020)[12] 74.6% employment rate (Q1-2020)[13],Services: 78.8%Construction: 9.2%Manufacturing: 7.5%Agriculture: 2.5%Mining: 1.9% (2017)[6],,"donor: ODA, $3.12 billion (2018)[25]","AUD weekly (May 2020):[14]A$1,771 (full-time adult)A$1,304 (all employees)",,,,
49,Cameroon,24348251,0.310%,7301,16.6%,2018,"5826
","2019
", European Union," European Union
","55,680","2010 est.
","66,749","3,983
",CFA franc (XAF),Calendar year,,Developing/Emerging[1]Lower-middle income economy[2],"$38.632 billion (nominal, 2019 est.)[4] $100.884 billion (PPP, 2019 est.)[4]","93rd (nominal, 2019)84th (PPP, 2019)",3.5% (2017) 4.1% (2018)4.0% (2019e) 4.2% (2020f)[5],"$1,515 (nominal, 2019 est.)[4] $3,955 (PPP, 2019 est.)[4]","148th (nominal, 2019)146th (PPP, 2019)",agriculture: 16.7%industry: 26.5%services: 56.8%(2017 est.)[6],,2.2% (2020 est.)[4],"37.5% (2014, World Bank)[7]44.7% on less than $3.20/day (2014)[8]","46.6 high (2014, World Bank)[9]",0.563 medium (2018)[10] (150th)0.371 low IHDI (2018)[11],,,4.3% (2014 est.)[6],"petroleum production and refining, aluminium production, food processing, light consumer goods, textiles, lumber, ship repair","167th (below average, 2020)[14]","crude oil and petroleum products, lumber, cocoa beans, aluminium, coffee, cotton",Netherlands 15.6% France 12.6% China 11.7% Belgium 6.8% Italy 6.3% Algeria 4.8% Malaysia 4.4%(2017)[6],"machinery, electrical equipment, transport equipment, fuel, food",China 19% France 10.3% Thailand 7.9% Nigeria 4.1%(2017)[6],,−$932 million (2017 est.)[6],$9.375 billion (31 December 2017 est.)[6],36.9% of GDP (2017 est.)[6],−3.4% (of GDP) (2017 est.)[6],5.363 billion (2017 est.)[6],6.556 billion (2017 est.)[6],Standard & Poor's:[15]B (Domestic)B (Foreign)BBB- (T&C Assessment),$3.235 billion (31 December 2017 est.)[6],"AU, AfCFTA (signed), ECCAS, WTO",,"11,354,044 (2019)[12]69.6% employment rate (2014)[13]",agriculture: 70%industry: 13%commerce: 17%(2001 est.)[6],,"The Paris Club agreed to reduce Cameroon's debt of $1.3 billion by $900 million, debt relief now totals $1.26 billion (2001[update])",,,,,
50,Niger,24112753,0.307%,1450,11.7%,2018,"1390
","2019
", European Union," European Union
",,,"9,497","631
",West African CFA franc (XOF),,,Least Developed[1]Low-income economy[2],"$9.299 billion (nominal, 2018)[3] $23.832 billion (PPP, 2018)[3]",,4.9% (2017) 6.5% (2018)6.3% (2019e) 6.0% (2020f)[4],"$414 (nominal, 2018 est.)[3] $1,062 (PPP, 2018 est.)[3]",,agriculture: 44.3%industry: 14.9%services: 40.8%(2017)[5],,2.740% (2018)[3],44.5% (2014)[6]44.5% on less than $1.90/day (2014)[7],34.3 medium (2014)[8],0.377 low (2018)[9] (189th)0.272 IHDI (2018)[10],,,2.6% (2016 est.)[5],"uranium mining, petroleum, cement, brick, soap, textiles, food processing, chemicals, slaughterhouses[5]","132nd (medium, 2020)[12]","uranium ore, livestock, cowpeas, onions[5]",France 31.3% Thailand 11.6% Malaysia 10% Nigeria 9.5% Mali 5.6% China 5.3%(2016)[5],"Food, machinery, vehicles and parts, petroleum, cereals[5]",France 28.3% China 16.1% US 7.8% Nigeria 5.8% Thailand 5.8%(2016 est.)[5],,,$3.09 billion (31 December 2017 est)[5],,,$1.68 billion (2017. est)[5],$2.235 billion (2017 est.)[5],,,"AU, AfCFTA, ECOWAS, CEN-SAD, WTO",,"9,198,681 (2019)[11]",agriculture: 87%industry: 4%services: 9%(2016)[5],,,,,€1 = 655.957 XOF,,
51,Taiwan,23525623,"0.299%
",,,,"285906
","2019
", China," China
",,,,,New Taiwan dollar (NTD),Calendar year,"WTO, APEC and ICC (as Separate Customs Territory of Taiwan, Penghu, Kinmen and Matsu)",Developed/Advanced[1]High-income economy[2],"$730.162 billion (nominal, 2021 est.)[4] $1.3 trillion (PPP, 2020)[5]","— (nominal, 2019)— (PPP, 2019)",3.11% (2020)4.64% (2021 est.)[6],"$32,123 (nominal, 2021 est.)[6] $54,020 (PPP, 2020 est.)[4]","— (nominal, 2019)— (PPP, 2018)",agriculture: 1.8%industry: 36%services: 62.1%(2017 est.)[7],,1.33% (2021 est.)[6],1.5% (2012 est.)[7],33.6 medium (2014)[7],0.916 very high (2019)[note 1],11.78 million (2017 est.)[7],agriculture: 4.9%industry: 35.9%services: 59.2%(2016 est.)[7],3.68% (2020)[6],"Electronics, communications and information technology products, petroleum refining, chemicals, textiles, iron and steel, machinery, cement, food processing, vehicles, consumer products, pharmaceuticalsAgricultural:  Rice, corn, vegetables, fruit, tea; pigs, poultry, beef, milk; fishNatural: Small deposits of coal, natural gas, limestone, marble, and asbestos","15th (very easy, 2020)[13]","semiconductors, petrochemicals, automobile/auto parts, ships, wireless communication equipment, flat display displays, steel, electronics, plastics, computers",Mainland China(+) 29.7% ASEAN(+) 15.4% United States(+) 14.6% Hong Kong(+) 14.2% Japan(-) 6.8% European Union(-) 6.6%(2020)[15],"oil/petroleum, semiconductors, natural gas, coal, steel, computers, wireless communication equipment, automobiles, fine chemicals, textiles",Mainland China(+) 22.2% Japan(-) 16.0% ASEAN(+) 12.5% United States(-) 11.4% European Union(-) 10.1% South Korea(+) 7.2%(2020)[15],$78.3 billion (31 December 2017 est.)[7] Abroad: $332.4 billion (31 December 2017 est.)[7],$98.6 billion (2021 est.)[6],$181.9 billion (31 December 2017 est.)[7],35.5% of GDP (2020)[7][note 2],−0.1% (of GDP) (2017 est.)[7],91.62 billion (2017 est.)[7],92.03 billion (2017 est.)[7],Standard & Poor's:[16]AA- (Domestic)AA- (Foreign)AA+ (T&C Assessment)Outlook: Stable[17]Moody's:[17]Aa3Outlook: StableFitch:[17]A+Outlook: Stable,$541.48 billion (Jan 2021)[18],,,,,,,,,,,
52,Mali,20856000,0.265%,4184,23%,2018,"3993
","2019
", South Africa," Senegal
",,,,,,,,Least Developed[1]Low-income economy[2],"$17.180 billion (nominal, 2018)[3] $44.130 billion (PPP, 2018)[3]",,5.8% (2016) 5.3% (2017)4.9% (2018e) 5.0% (2019f)[4],"$927 (nominal, 2018 est.)[3] $2,380 (PPP, 2018 est.)[3]",,,,1.734% (2018)[3],,33.0 medium (2009)[5],0.427 low (2017)[6] (182nd)0.282 IHDI (2017)[7],,,,,"148th (below average, 2020)[8]",,,,,,−$886 million (2017 est.)[9],$4.192 billion (31 December 2017 est.)[9],35.4% of GDP (2017 est.)[9],−2.9% (of GDP) (2017 est.)[9],3.075 billion (2017 est.)[9],3.513 billion (2017 est.)[9],,$647.8 million (31 December 2017 est.)[9],"AU, AfCFTA, WTO, ECOWAS, CEN-SAD",,,,,,,,,,
53,Chile,19678363,0.250%,85725,28.2%,2019,"64119
","2019
", China," China
",,,"1,582","247
",Chilean peso (CLP),calendar year,"WTO, APEC, OECD, Prosur, Mercosur (associate), CAN (associate), Unasur (suspended)",Developing/Emerging[1]High-income economy[2],"$245.414 billion (nominal, 2020 est.)[4] $456.4 billion (PPP, 2020)[5]","47th (nominal, 2020)43rd (PPP, 2020)",3.9% (2018) 1.1% (2019e)−6.0% (2020f) 3.1% (2021f)[6],"$12,612 (nominal, 2020 est.)[4] $23,455 (PPP, 2020 est.)[4]","60th (nominal, 2020)57th (PPP, 2020)",agriculture: 4.2%industry: 32.8%services: 63%(2017 est.)[7],,3.4% (2020 est.)[5],8.6% (2017)[8],"44.4 medium (2017, World Bank)[9]",0.851 very high (2019)[10] (43rd) 0.709 high IHDI (2019)[11],"9,533,046 (2019)[12] 55.5% employment rate (2018)[13]",agriculture: 9.2%industry: 23.7%services: 67.1%(2013)[7],9.7% (2020 est.)[5] 6.9% (September 2019)[14] 18.9% youth unemployment rate (August 2019)[15],"copper, lithium, other minerals, foodstuffs, fish processing, iron and steel, wood and wood products, transport equipment, cement, textiles","59th (easy, 2020)[18]",copper: 53.6%grapes and other produce: 8.4%chemicals: 5.0%fish and seafood: 4.5%paper and pulp: 3.3%wine: 2.4%lumber: 2.2%gold: 2.1%(2014)[19],China(-) 27.5% United States(+) 14.5% Japan(+) 9.3% South Korea(+) 6.2% Brazil(+) 5.0%(2017)[7],machinery: 21.9%petroleum: 17.5%transport equipment and parts: 16.3%chemicals: 7.7%steel and other metals: 5.2%plastic and rubber: 5.1%textiles: 5.0%foodstuffs: 3.1%natural gas: 2.7%(2014)[19],China(-) 23.9% United States(+) 18.1% Brazil(+) 8.6% Argentina(+) 4.5% Germany(+) 4.0%(2017)[7],$206.2 billion (31 December 2017 est.)[7] Abroad: $95.37 billion (31 December 2017 est.)[7],−$4.102 billion (2017 est.)[7],$183.4 billion (31 December 2017 est.)[7],23.6% of GDP (2017 est.)[7],−2.8% (of GDP) (2017 est.)[7],57.75 billion (2017 est.)[7],65.38 billion (2017 est.)[7],AA- (Standard & Poor's)Aa3 (Moody's)A+ (Fitch Ratings)[20],"$36,78 billion (March 2020 est.)[7]",,,,,,,US$12.853 (January 2019)[16],,,"$16,617 (2015, PPP)[17]",
54,Romania,19317984,0.246%,100900,40.4%,2019,"96644
","2019
", European Union," European Union
",,,"67,574","25,469
","Leu (RON, L)",Calendar year,,Developing/Emerging[1]High-income economy[2],"$278 billion (nominal, 2021)[4] $585 billion (PPP, 2020 est.)[4]","46th (nominal, 2019)35th (PPP, 2020)",4.4% (2018) 4.1% (2019e)−5.7% (2020f) 5.4% (2021f)[5],"$14,469 (nominal, 2021)[4] $30,141 (PPP, 2020 est.)[4]","54th (nominal, 2019)44th (PPP, 2019)",agriculture: 4.2%industry: 33.2%services: 62.6%(2017 est.)[6],,2.9% (2020 est.)[4]3.8% (2019)[4]4.6% (2018)[4],"23.6% (2017)[7] 31.2% at risk of poverty or social exclusion (AROPE, 2019)[8] 17.0% on less than $5.50/day (2020f)[9]","34.8 medium (2019, Eurostat)[10]",0.816 very high (2018)[11] (52nd) 0.725 high IHDI (2018)[12],,,5.3% (August 2020)[16] 16.3% youth unemployment (2018)[17],"electric machinery and equipment, textiles and footwear, light machinery and auto assembly, mining, timber, construction materials, metallurgy, chemicals, food processing, petroleum refining","55th (easy, 2020)[18]","machinery and equipment, metals and metal products, textiles and footwear, chemicals, agricultural products, minerals and fuels",Germany(+) 21.4% Italy(+) 11.6% France(+) 7.2% Hungary(+) 5.2% United Kingdom(+) 4.3%(2016 est.)[20],"machinery and equipment, chemicals, fuels and minerals, textile and products, agricultural products",Germany(+) 20.5% Italy(+) 10.3% Hungary(+) 7.5% France(+) 5.6% Poland(+) 5.1% China(-) 5.1% Netherlands(+) 4.1%(2016 est.)[21],$94 billion (31 December 2017 est.)[6] Abroad: $6.822 billion (31 December 2017 est.)[6],−$7.114 billion (2017 est.)[6],$95.97 billion (36.8% of GDP) (31 December 2017 est.)[4][6],35.2% of GDP (2019)[22] RON 373.509 billion (2019)[22],RON 45.5 billion deficit (2019)[22]−4.3% of GDP (2019)[22],31.7% of GDP (2019)[22],36.0% of GDP (2019)[22],Standard & Poor's:[23]BBB- (Domestic)BBB- (Foreign)A- (T&C Assessment)Outlook: Stable[24]Moody's:[25]Baa3Outlook: PositiveFitch:[24]BBB-Outlook: StableScope:[26]BBB-Outlook: Negative,$44.43 billion (31 December 2017 est.)[6],"EU, WTO, BSEC",,"8,844,178 (2019)[13] 69.9% employment rate (Target: 70%; 2018)[14]",agriculture: 22.91%industry: 29.13%services: 47.96%(2017)[15],,,"RON 5,906 / €1,213 / $1,458 monthly (December, 2020)",,,"RON 3,620 / €744 / $894 monthly (December, 2020)",
55,Kazakhstan,18904856,0.241%,65596,36.5%,2019,"38356
","2019
", European Union," Russia
","1,292,000","2016 est
","1,756,705","88,686
","Tenge (KZT, ₸)",calendar year,"WTO, CIS, EAEU, EACU, ECO, SCO, CISFTA",Developing/Emerging[1]Upper-middle income economy[2],"$163 billion (nominal, 2020 est.)[4] $540.984 billion (PPP, 2019 est.)[5]","55th (nominal, 2019)41st (PPP, 2019)",4.1% (2018) 4.5% (2019e)−3.0% (2020f) 2.5% (2021f)[6],"$9,139 (nominal, 2019 est.)[4] $28,849 (PPP, 2019 est.)[4]","69th (nominal, 2019)52nd (PPP, 2019)",agriculture: 4.7%industry: 34.1%services: 61.2%(2017 est.)[3],,6.9% (2020 est.)[5],2.5% (2017)[7] 8.3% on less than $5.50/day (2020f)[8],"27.5 low (2017, World Bank)[9]",0.817 very high (2018)[10] (50th)0.759 high IHDI (2018)[11],"9,262,539 (2019)[12] 67.3% employment rate (2018)[13]",agriculture: 18.1%industry: 20.4%services: 61.6%(2017 est.)[3],7.8% (2020 est.)[5] 5% (2017 est.)[3],"oil, coal, iron ore, manganese, chromite, lead, zinc, copper, titanium, bauxite, gold, silver, phosphates, sulfur, uranium, iron and steel; tractors and other agricultural machinery, electric motors, construction materials","25th (very easy, 2020)[14]","oil and oil products, natural gas, ferrous metals, chemicals, machinery, grain, wool, meat, coal",Italy(+) 17.9% China(-) 11.9% Netherlands(+) 9.8% Russia(+) 9.3%  Switzerland(+) 6.4% France(+) 5.9%(2017)[3],"machinery and equipment, metal products, foodstuffs",Russia(+) 38.9% China(-) 16.1% Germany(+) 5.1% United States(+) 4.3%(2017)[3],$161.6 billion (31 December 2017 est.)[3] Abroad: $35.04 billion (31 December 2017 est.)[3],−$5.353 billion (2017 est.)[3],$190.5 billion (31 December 2020 est.)[3],20.8% of GDP (2017 est.)[3],−1.8% (of GDP) (2017 est.)[3],35.48 billion (2017 est.)[3],38.3 billion (2017 est.)[3],Standard & Poor's:[16]BBB+ (Domestic)BBB (Foreign)BBB+ (T&C Assessment)Outlook: Stable[17](2011)Moody's:[17]Baa2Outlook: Stable(2011)Fitch:[17]BBB-Outlook: Positive(2011),$30.75 billion (31 December 2017 est.)[3],,,,,,,,,,,
56,Malawi,18898441,0.240%,1118,31%,2018,"2941
","2019
", European Union," South Africa
",,,,,,1 July - 30 June,,Least Developed[1]Low-income economy[2],"$7.522 billion (nominal, 2019 est.)[3] $25.167 billion (PPP, 2019 est.)[3]","144th (nominal, 2019)138th (PPP, 2019)",4.0% (2017) 3.5% (2018)4.4% (2019e) 4.8% (2020f)[4],"$371 (nominal, 2019 est.)[3] $1,240 (PPP, 2019 est.)[3]","183rd (nominal, 2019)182nd (PPP, 2018)","agriculture 29.4%, industry 15.8%, services 56.1% (2016 est.)",,8.4% (2020 est.)[3],51.5% (2016)[5]70.3% on less than $1.90/day (2016)[6],44.7 medium (2016)[7],0.485 low (2018)[8] (172nd)0.346 IHDI (2018)[9],,,,,"109th (medium, 2020)[12]","tobacco (55%), dried legumes (8.8%), sugar (6.7%), tea (5.7%), cotton (2%), peanuts, coffee, soy (2015 est.)","Zimbabwe 13.1%, Mozambique 11.8%, Belgium 10.7%, South Africa 6.3%, Netherlands 5%, UK 4.7%, Germany 4.3%, US 4.2% (2017)","food, petroleum products, semi-manufactures, consumer goods, transportation equipment","South Africa 20.7%, China 14.2%, India 11.6%, UAE 7%, Netherlands 4.4% (2017)",$129.5 million (2014),,$1.861 billion (2017 est.),50.8% of GDP (2013 est.),,$1.347 billion (2013 est.),$1.4 billion (2013 est.),,$364.2 million (31 December 2013 est.),"AU, AfCFTA (signed), WTO, SADC, COMESA",,"8,156,049 (2019)[10]39.1% employment rate (2017)[11]","agriculture: 76.9%, industry: 4.1%, services: 19% (2013 est.)",,$1.174 million (2012),,,,,
57,Zambia,18400556,0.234%,8242,35%,2019,"7226
","2019
",  Switzerland," South Africa
",,,,,Zambian kwacha (ZMW),calendar year,,Developing/Emerging[1]Lower-middle income economy[2],"$23.946 billion (nominal, 2019 est.)[4] $75.857 billion (PPP, 2019 est.)[5]",,4.0% (2018) 1.5% (2019e)−3.5% (2020e) 2.3% (2021e)[5],"$1,307 (nominal, 2019 est.)[4] $4,148 (PPP, 2019 est.)[4]",,agriculture: 8.6%industry: 31.3%services: 60%(2015 est.)[6],,13.4% (2020 est.)[5],60.5% (2010),,0.591 medium (2018)[7] (143rd)0.394 low IHDI (2018)[8],,,7.2% (2018)[9],"copper mining and processing, construction, foodstuffs, beverages, chemicals, textiles, fertilizer, horticulture","85th (easy, 2020)[10]","copper/cobalt 64%, cobalt, electricity; tobacco, flowers, cotton",China(-) 25.5% DR Congo(+) 13% South Africa(+) 6.4% South Korea(+) 4.9% India(+) 4.3%(2015)[11],"machinery, transportation equipment, petroleum products, electricity, fertilizer; foodstuffs, clothing",South Africa(+) 34.5% DR Congo(+) 18.2% Kenya(+) 9.7% China(-) 7.2% India(+) 4.4%(2015)[12],,,,$21.73 billion (2019),,$3.643 billion (2015),$5.189 billion (2015),Standard & Poor's:[13]B+ (Domestic)B+ (Foreign)B+ (T&C Assessment),,"AU, AfCFTA (signed), WTO, SADC, COMESA",,6.906 million(2015),"agriculture: 85%, industry: 7%, services: 9% (2004)",,recipient: $640.6 million (2002),,,,,
58,Syria,18276000,0.233%,,,,"4577
","2019
", European Union," European Union
","152,400","2010 est.
","35,000","1,627
",Syrian pound (SYP),Calendar year,,Developing/Emerging[1]Low-income economy[2],"$27.26 billion (2021 est.)[4] $56.28 billion (PPP, 2015 est.)",,1.4% (2019) −3.0% (2020) 3.0% (2021)[4] [note 1],"$790.00 (PPP, 2021 est.)[4]",,agriculture: 10.49%industry: 26.51%services: 63.0%(2017 est.)[4],,14.2% (2020 est.),74.6% (2018 est.)[4],,0.549 low (2018)[5] (154th)N/A IHDI (2018)[6],,,9.3% (2019)[8][note 2],"petroleum, textiles, food processing, beverages, tobacco, phosphate rock mining, cement, oil seeds crushing, car assembly","176th (below average, 2020)[9]","crude oil, minerals, petroleum products, fruits and vegetables, cotton fiber, clothing, meat and live animals, wheat",Saudi Arabia 15.0% Lebanon 13.1% Turkey 9.97% Spain 8.92% United Arab Emirates 5.66% Kuwait 4.3% Serbia 3.1%(2018)[4],"machinery and transport equipment, electric power machinery, food and livestock, pharmaceuticals, metal and metal products, chemicals and chemical products, plastics, yarn, paper",China 20.5% Turkey 20.0% United Arab Emirates 19.2% Egypt 3.67% Russia 3.67% Lebanon 3.3%(2018)[4],,,$7 billion (2020e),67% of GDP (2021 est.),,$2.7 billion (2021 est.),$2.1 billion (2021e),,$2.1 billion (2020e),CAEU,,"4,897,260 (2019)[7]",agriculture: 19%industry: 15%services: 66%(2008 est.)[4],,humanitarian aid $7.7 billion (2020 est.)[citation needed],,,,,
59,Ecuador,17709548,0.225%,26059,23.4%,2019,"20277
","2019
", United States," United States
","400,700","2014 est.
","479,371","33,470
",United States dollar (USD),calendar year,"Andean Community, WTO, PROSUR, ALADI, Bolivarian Alliance for the Americas, Mercosur (associate)",Developing/Emerging[1]Upper-middle income economy[2],"$108.398 billion (nominal, 2018)[4] $200.188 billion (PPP, 2018)[4]","63rd (PPP, 2012 est.)",1.3% (2018) 0.1% (2019e)−7.4% (2020f) 4.1% (2021f)[5],"$6,368 (nominal, 2018)[4] $11,760 (PPP, 2018)[4]",,Agriculture: 6.7%Industry: 32.9%Services: 60.4%(2017 est.)[6],,−0.2% (2018)[4],25.0% (2019)[7] 24.2% on less than $5.50/day (2018)[8],45.4 medium (2018)[9],0.758 high (2018)[10] (85th)0.607 medium IHDI (2018)[11],"8,671,801 (2019)[12] 64.3% employment rate (2018)[13]",agriculture: 26.1%industry: 18.4%services: 55.5%(2017 est.)[6],3.5% (2018)[14],"petroleum, food processing, textiles, wood products, chemicals","129th (medium, 2020)[15]","petroleum, bananas, cut flowers, shrimp, cacao, coffee, wood, fish",United States 31% Vietnam 7.6% Chile 6.9% Panama 4.8% Russia 4.7%(2017)[16],"industrial materials, fuels and lubricants, nondurable consumer goods",United States 19% China 19% Colombia 7.8% Brazil 4.5% Panama 4.4%(2017)[16],"$17.25 billion (December 31, 2017 est.)",,"$39.29 billion (December 31, 2017 est.)","44.6% of GDP (December 31, 2017)[17]",,33.43 billion (2017 est.)[6],38.08 billion (2017 est.)[6],,$2.169 billion (2017)[18],,,,,,$209.5 million (2005),,,,,
60,Netherlands,17581931,0.224%,750172,82.5%,2019,"646752
","2019
", European Union," European Union
","35,500","2013 est.
","14,579","1,070
","Euro (EUR, €)",Calendar year,,Developed/Advanced[1]High-income economy[2],$886 billion (nominal; 2020)[4] $987 billion (PPP; 2020)[4],"17th (nominal, 2020)26th (PPP, 2020)",2.6% (2018) 1.8% (2019)−7.5% (2020e) 3.0% (2021e)[4],"$51,290 (nominal, 2020)[4] $57,101 (PPP, 2020)[4]","11th (nominal, 2020)11th (PPP, 2020)",agriculture: 1.6%industry: 17.9%services: 70.2%(2017 est.)[5],,1.2% (2020 est.)[4]2.7% (2019)[4]1.6% (2018)[4],"5% (2017 est.)[6] 16.5% at risk of poverty or social exclusion (AROPE, 2019)[7]","26.8 low (2019, Eurostat)[8]",0.944 very high (2019)[9] (8th) 0.878 very high IHDI (2019)[10],,,4.4% (September 2020)[13] 11.0% youth unemployment (July 2020; 15 to 24 year-olds)[14],"agriculture-related industries, oil and natural gas,  metal and engineering products, electronic machinery and equipment, chemicals, petroleum, construction, microelectronics, fishing","42nd (very easy, 2020)[15]","machinery and transport equipment, chemicals, mineral fuels; food and livestock, manufactured goods",Germany(+) 24.2% Belgium(+) 10.7% United Kingdom(+) 8.8% France(+) 8.8% Italy(+) 4.2%(2017)[5],"machinery and transport equipment, chemicals, fuels, foodstuffs, clothing",China(-) 16.4% Germany(+) 15.3% Belgium(+) 8.5% United States(+) 6.9% United Kingdom(+) 5.1% Russia(+) 4.3%(2017)[5],$5.499 trillion (31 December 2017 est.)[5] Abroad: $6.579 trillion (31 December 2017 est.)[5],$87.46 billion (2017 est.)[5],$4.063 trillion (31 December 2016 est.)[5],48.6% of GDP (2019)[16] €394.630 billion (2019)[16],€14.0 billion surplus (2019)[16]+1.7% of GDP (2019)[16],43.6% of GDP (2019)[16],41.9% of GDP (2019)[16],Standard & Poor's:[17]AAA (Domestic)AAA (Foreign)AAA (T&C Assessment)Outlook: Stable[18]Moody's:[18]AaaOutlook: StableFitch:[18]AAAOutlook: StableScope:[19]AAAOutlook: Stable,$38.44 billion (31 December 2017 est.)[5],"EU, WTO and OECD",,"9,181,373 (2019)[11] 79.2% employment rate (Target: 80%; 2018)[12]",agriculture: 1.2%industry: 17.2%services: 81.6%(2015 est.)[5],,€4 bn (As of 2005[update]),"€2,855 monthly (2017)",,,"€2,152 monthly (2017)",
61,Senegal,17223497,0.219%,5287,22.8%,2018,"8143
","2019
", Mali," European Union
",,,,,,,,Developing/Emerging[1]Lower-middle income economy[2],"$23.940 billion (nominal, 2019 est.)[4] $64.600 billion (PPP, 2019 est.)[4]","107th (nominal, 2019)100th (PPP, 2019)",7.1% (2017) 6.8% (2018)6.3% (2019e) 6.8% (2020f)[5],"$1,428 (nominal, 2019 est.)[4] $3,853 (PPP, 2019 est.)[4]","149th (nominal, 2019)149th (PPP, 2019)",agriculture: 16.9%industry: 24.3%services: 58.8%(2017 est.)[6],,1.5% (2020 est.)[4],46.7% (2011 est.)[6]67.5% on less than $3.20/day (2011)[7],"40.3 medium (2011, World Bank)[8]",0.514 low (2018)[9] (166th)0.347 IHDI (2018)[10],,,"15,7% (2017)[13]","agricultural and fish processing, phosphate mining, fertilizer production, petroleum refining, zircon, and gold mining, construction materials, ship construction and repair","123rd (medium, 2020)[14]","fish, groundnuts (peanuts), petroleum products, phosphates, cotton",Mali 14.8%  Switzerland 11.4% India 6% Cote d'Ivoire 5.3% UAE 5.1% Gambia 4.2% Spain 4.1%(2017)[6],"food and beverages, capital goods, fuels",France 16.3% China 10.4% Nigeria 8% India 7.2% Netherlands 4.2% Spain 4.2%(2017)[6],,−$1.547 billion (2017 est.)[6],$8.571 billion (31 December 2017 est.)[6],48.3% of GDP (2017 est.)[6],−3.6% (of GDP) (2017 est.)[6],4.139 billion (2017 est.)[6],4.9 billion (2017 est.)[6],,$1.827 billion (31 December 2017 est.)[6],"AU, AfCFTA, ECOWAS, CEN-SAD, WTO",,"4,328,681 (2019)[11]42.4% employment rate (2015)[12]",agriculture: 77.5%industry: 22.5%industry and services: 22.5%(2007 est.)[6],,,,,,,
62,Guatemala,17109746,0.218%,13582,17.7%,2019,"19881
","2019
", United States," United States
","10,960","2010 est.
","7,749","544
",Quetzal (GTQ),Calendar year,,Developing/Emerging[1]Upper-middle income economy[2],"$81.318 billion (nominal, 2019 est.)[4] $153.322 billion (PPP, 2019 est.)[4]","66th (nominal, 2019)75th (PPP, 2019)",3.1% (2018) 3.6% (2019e)−3.0% (2020f) 4.1% (2021f)[5],"$4,617 (nominal, 2019 est.)[4] $8,705 (PPP, 2019 est.)[4]","103rd (nominal, 2019)116th (PPP, 2019)",agriculture: 13.3%industry: 23.4%services: 63.2%(2017 est.)[3],,4.2% (2020 est.)[4],59.3% in poverty (2014)[6]48.8% on less than $5.50/day (2014)[7],48.3 high (2014)[8],0.651 medium (2018)[9] (126th)0.472 low IHDI (2018)[10],,,2.5% (2017)[11] 5.0% youth unemployment (2017)[12],"sugar, textiles and clothing, furniture, chemicals, petroleum, metals, rubber, tourism[3]","96th (easy, 2020)[13]","sugar, coffee, petroleum, apparel, bananas, fruits and vegetables, cardamom, manufacturing products, precious stones and metals, electricity[3]",United States 33.8% El Salvador 11.1% Honduras 8.8% Nicaragua 5.1% Mexico 4.7%(2017)[3],"fuels, machinery and transport equipment, construction materials, grain, fertilizers, electricity, mineral products, chemical products, plastic materials and products[3]",United States 39.8% China 10.7% Mexico 10.7% El Salvador 5.3%(2017)[3],,$1.134 billion (2017 est.)[3],$22.92 billion (31 December 2017 est.)[3],24.7% of GDP (2017 est.)[3],−1.3% (of GDP) (2017 est.)[3],8.164 billion (2017 est.)[3],9.156 billion (2017 est.)[3],Standard & Poor's:[14][15]BB+ (Domestic)BB (Foreign)BBB- (T&C Assessment)Outlook: StableMoody's:[15]Ba1Outlook: StableFitch:[15]BB+Outlook: Stable,$11.77 billion (31 December 2017 est.)[3],,,,agriculture: 31.4%industry: 12.8%services: 55.8%(2017 est.)[3],,$250 million (2000 est.),,,,,
63,Chad,16818391,0.214%,,,,"826.8
","2019
", United States," European Union
","125,700","2010 est.
","115,817","7,393
",Central African CFA franc (XAF),Calendar year,,,"$11.051 billion (nominal, 2018 est.)[1] $30.507 billion (PPP, 2018 est.)[1]",,−3.0% (2017) 2.6% (2018)3.0% (2019e) 5.5% (2020f)[2],"$885 (nominal, 2018 est.)[1] $2,442 (PPP, 2018 est.)[1]",,agriculture: 52.7%industry: 6.7%services: 40.6%(2011 est.),,4.037% (2018 est.)[1],66.2% (2019 est.),,0.401 low (2018)[3] (187th)0.250 IHDI (2018)[4],,,,"oil, cotton textiles, meatpacking, brewing, natron (sodium carbonate), soap, cigarettes, construction materials","182nd (below average, 2020)[5]","oil, cattle, cotton, gum arabic",United States 58.5% India 13.3% Japan 11.3% China 4.1%(2015)[6],"machinery and transportation equipment, industrial goods, foodstuffs, textiles",France 16.5%China 14.2%Cameroon 11% United States 6.4% India 6% Belgium 5.7% Italy 4.8%(2015)[7],$567 million (2019 est.),,$3.569 billion (2019 est.),,,$2.501 billion (2011 est.),$3.482 billion (2011 est.),,$147.7 million (2019 est.),"AU, AfCFTA, WTO",,7.300 million (2018),"agriculture: 80% (subsistence farming, herding, and fishing); industry and services: 20% (2006 est.)",,$238.3 million (recipient) note – $125 million committed by Taiwan (1997); $30 million committed by African Development Bank; ODA $150 million (2001[update]),,,,,
64,Somalia,16360000,0.208%,,,,"2426
","2019
", Saudi Arabia," India
",,,,,Somali shilling (SOS),,,Least DevelopedLow-income economy[1],"$5.218 billion (nominal, 2020)[3] $13.324 billion (PPP, 2020)[3]",,1.4% (2017) 2.8% (2018)2.9% (2019e) 3.2% (2020e)[3],$348 (nominal; 2020 est.) $888 (PPP; 2020 est.),,agriculture: 60.2%industry: 7.4%services: 32.5%(2013 est.)[4],Household consumption: 72.6%Government consumption: 8.7%Investment in fixed capital: 20%Investment in inventories: 0.8%Exports of goods and services: 0.3%Imports of goods and services: −1.6%(2015 est.)[4],1.5% (2017[update])[4],,,0.351 low (2017)[5] (N/A),,,11.4% (2019)[7][note 1],"sugar refining, textiles, livestock, money transfer, telecommunications","190th (below average, 2020)[8]","livestock, bananas, hides, fish, charcoal, scrap metal",Oman 31.7% Saudi Arabia 18.7% United Arab Emirates 16.3% Nigeria 5.1% Yemen 4.8% Pakistan 4%(2017)[4],"manufactures, petroleum products, foodstuffs, construction materials, qat",China 17.6% India 17.2% Ethiopia 10.5% Oman 10.3% Kenya 6.9% Turkey 5.3% Malaysia 4.1%(2017)[4],,,$5.3 billion (31 December 2014 est.)[4],76.7% of GDP (2017 est.)[4],0.0% (of GDP) (2018)[9],297.1 million (2018)[9],297.1 million (2018)[9],,$30.45 million (2014 est.)[4],"AU, AfCFTA (signed), GCC, CAEU, GAFTA (candidate), CEN-SAD, IGAD",,"3,924,554 (2019)[6]",agriculture: 71%industry: 29%industry and services: 29%(1975)[4],,,,,,,
65,Zimbabwe,15790716,0.201%,4715,19%,2017,"4787
","2019
", South Africa," South Africa
",,,,,RTGS Dollar,calendar year,,Developing/Emerging[1]Lower-middle income economy[2],"$20.563 billion (nominal, 2020 est.)[4] $37.039 billion (PPP, 2020 est.)[5]","129th (nominal, 2019)117th (PPP, 2019)",3.5% (2018) −8.3% (2019)−7.4% (2020e) 2.5% (2021e)[5],"$1.386 (nominal, 2019 est.)[4] $2,702 (PPP, 2019 est.)[4]","166th (nominal, 2019)160th (PPP, 2019)",agriculture: 12%industry: 22.2%services: 65.8%(2017 est.)[6],,319.0% (2020 est.)[5],70.0% (2017)[7]61.0% on less than $3.20/day (2017)[8],44.3 medium (2017)[9],0.563 medium (2018)[10] (150th)0.435 low IHDI (2018)[11],,,"11.3% (2014 est.)[6]data include both unemployment and underemployment; true unemployment is unknown and, under current economic conditions, unknowable[6]","mining (coal, gold, platinum, copper, nickel, tin, clay, numerous metallic and non-metallic ores), steel; wood products, cement, chemicals, fertilizer, clothing and footwear, foodstuffs, beverages, cattle, cows","140th (medium, 2020)[14]","platinum, cotton, tobacco, gold, ferroalloys, textiles/clothing",South Africa(+) 50.3% Mozambique(+) 22.5% United Arab Emirates(+) 9.8% Zambia(+) 4.9%(2017)[6],"machinery and transport equipment, other manufactures, chemicals, fuels, food products",South Africa(+) 47.8% Zambia(+) 20.5%(2017)[6],$3.86 billion (31 December 2017 est.)[6] Abroad: $309.6 million (31 December 2017 est.)[6],−$716 million (2017 est.)[6],$9.357 billion (31 December 2017 est.)[6],82.3% of GDP (2017 est.)[6],−9.6% (of GDP) (2017 est.)[6],3.8 billion (2017 est.)[6],5.5 billion (2017 est.)[6],,$431.8 million (31 December 2017 est.)[6],"AU, AfCFTA, WTO, SADC, COMESA",,"7,088,014 (2019)[12]80.5% employment rate (2014)[13]",agriculture: 67.5%industry: 7.3%services: 25.2%(2017 est.)[6],,recipient: $178 million; note - the EU and the US provide food aid on humanitarian grounds (2000 est.),,,,,
66,Cambodia,15552211,0.198%,21073,61.1%,2019,"20279
","2019
", European Union," China
",,,,,"Riel (KHR, ៛)",Calendar year,,Developing/Emerging[1]Lower-middle income economy[2],"$26.730 billion (nominal, 2019 est.)[4] $76.934 billion (PPP, 2019 est.)[4]","103rd (nominal, 2019)95th (PPP, 2019)",7.5% (2018) 7.1% (2019e)−1.0% (2020f) 6.0% (2021f)[5],"$1,621 (nominal, 2019 est.)[4] $4,664 (PPP, 2019 est.)[4]","146th (nominal, 2019)139th (PPP, 2019)",agriculture: 25.3%industry: 32.8%services: 41.9%(2017 est.)[3],,2.5% (2020 est.)[4],"17.7% (2012, World Bank)[6] N/A on less than $3.20/day[7]",36.0 medium (2013)[8],0.581 medium (2018)[9] (146th) 0.465 low IHDI (2018)[10],,,"0.3% (2017 est.)[3]high underemployment, according to official statistics","tourism, garments, construction, rice milling, fishing, wood and wood products, rubber, cement, gem mining, textiles","144th (medium, 2020)[13]","clothing, timber, rubber, rice, fish, tobacco, footwear",United States(+) 21.5% United Kingdom(+) 9% Germany(+) 8.6% Japan(+) 7.6% China(+) 6.9% Canada(+) 6.7% Spain(+) 4.7% Netherlands(+) 4.5%(2017)[3],"petroleum products, cigarettes, gold, construction equipments, machinery, motor vehicles, pharmaceutical products",China(+) 34.1% Singapore(+) 12.8% Thailand(+) 12.4% Vietnam(+) 10.1%(2017)[3],$29.17 billion (2014 est.)[3]Abroad: N/A,−$1.871 billion (2017 est.)[3],$11.87 billion (31 December 2017 est.)[3],30.4% of GDP (2017 est.)[3],−1.8% (of GDP) (2017 est.)[3],3.947 billion (2017 est.)[3],4.354 billion (2017 est.)[3],Standard & Poor's:[14]B+ (domestic)B+ (foreign)BB- (T&C assessment),$12.2 billion (31 December 2017 est.)[3],"WTO, ASEAN, AFTA, SCO",,"9,230,114 (2019)[11] 81.1% employment rate (2016)[12]",agriculture: 48.7%industry: 19.9%services: 31.5%(2013 est.)[3],,$934 million pledged in grants and concessional loans for 2011 by international donors,,,,,
67,Rwanda,12955768,0.165%,2043,19%,2018,"1137
","2019
", DR Congo," China
",,,,,"Rwandan franc (RWF, FRw)",calendar year,,Least Developed[1]Low-income economy[2],"$10.209 billion (nominal, 2019 est.)[4] $32.258 billion (PPP, 2020 est.)[5]","139th (nominal, 2019)129th (PPP, 2020)",8.6% (2018) 10.1% (2019e)3.5% (2020e) 6.7% (2021e)[5],"$825 (nominal, 2019 est.)[4] $2,452 (PPP, 2019 est.)[4]","167th (nominal, 2019)165th (PPP, 2019)",agriculture: 30.9%industry: 17.6%services: 51.5% (2017 est.)[6],,6.9% (2020 est.)[5],39.1% (2015 est.)[6]55.5% on less than $1.90/day (2016)[7],43.7 medium (2016)[8],0.536 low (2018)[9] (157th)0.382 low IHDI (2018)[10],,,"13.1% (Q1, 2020)[12]","cement, agricultural products, small-scale beverages, soap, furniture, shoes, plastic goods, textiles, cigarettes","38th (very easy, 2020)[13]","coffee, tea, hides, tin ore",UAE 38.3% Kenya 15.1%  Switzerland 9.9% Democratic Republic of the Congo 9.5% US 4.9% Singapore 4.5%(2017)[6],"foodstuffs, machinery and equipment, steel, petroleum products, cement and construction material",China 20.4% Uganda 11% India 7.2% Kenya 7.1% Tanzania 5.3% UAE 5.1%(2017)[6],$2.378 billion (31 December 2017 est.) Abroad: $113.2 million (31 December 2017 est.)[6],−$622 million (2017 est.)[6],$3.258 billion (31 December 2017 est.)[6],40.5% of GDP (2017 est.)[6],−4.3% (of GDP) (2017 est.)[6],1.943 billion (2017 est.)[6],2.337 billion (2017 est.)[6],,$997.6 million (31 December 2017 est.)[6],"AU, AfCFTA, WTO, ECCAS, EAC, COMESA",,"6,374,891 (2019)[11] 48.3% employment rate (Q1, 2020)[12]",agriculture: 75.3%industry: 6.7%services: 18% (2012 est.)[6],,recipient: $285 Million (2015),,,,,
68,Guinea,12907395,0.164%,4082,42.3%,2018,"4173
","2019
", European Union," European Union
",,,,,,,,,"$12.099 billion (nominal, 2018)[1] $30.864 billion (PPP, 2018)[1]",,10.0% (2017) 5.8% (2018)5.9% (2019e) 6.0% (2020f)[2],"$910 (nominal, 2018 est.)[1] $2,322 (PPP, 2018 est.)[1]",,,,9.826% (2018)[1],,,0.466 low (2018)[3] (174th)0.310 IHDI (2018)[4],,,,,"156th (below average, 2020)[5]",,,,,,,,,,,,,,,,,,,,,,,,
69,Burundi,12574571,0.160%,285,9.1%,2018,"887.3
","2019
", DR Congo," European Union
",,,,,"Burundian franc (BIF, FBu)",Calendar year,,Least Developed[1]Low-income economy[2],"$3.436 billion (nominal, 2018 est.)[3] $8.202 billion (PPP, 2018 est.)[3]",,−0.6% (2016) 0.5% (2017)1.6% (2018e) 1.8% (2019f)[4],"$307 (nominal, 2018 est.)[3] $733 (PPP, 2018 est.)[3]",,"agriculture (32.9%), industry (21.3%), services (45.8%) (2008[update])",,1.238% (2018 est.)[3],53% (2010[update]),,0.423 low (2018)[5] (185nd)0.296 IHDI (2018)[6],,,N/A (2008[update]),"light consumer goods such as blankets, shoes, soap, assembly of imported components, public works construction, food processingAgriculture: coffee, cotton, tea, corn, sorghum, sweet potatoes, bananas, manioc (tapioca); beef, milk, hides","166th (below average, 2020)[7]","coffee, tea, sugar, cotton, hides",Germany 15.2%   Pakistan 9.3%   Kenya 8.5%   China 7.8%   Sweden 7.3%   Belgium 5.3%   Canada 4.6%   Rwanda 4.5%   United States 4.2% (2018 est.)[8],"capital goods, petroleum products, foodstuffs",Saudi Arabia 17.3%   China 8.1%   Uganda 7.8%   Belgium 7.2%   Kenya 6.9%   Zambia 6.7%   India 5.6%   United Arab Emirates 5.3% (2018 est.)[9],,,$820 million (2010[update]),,,$350.4 million (2018[update]),$351.3 million (2017[update]),,$412.2 million,"AU, AfCFTA (signed), WTO",,4.08 million (2010[update]),"agriculture (89%), industry (5.3%, services (4.1%) (2002[update])",,$90.7 million (2010[update]),,,,,
70,Benin,12506347,0.159%,3848,29.6%,2018,"2893
","2019
", India," European Union
",,,,,"West African CFA franc (XOF, CFA)",Calendar year,,Least Developed[1]Low-income economy[2],"$14.374 billion (nominal, 2019 est.)[4] $40.717 billion (PPP, 2019 est.)[4]","124th (nominal, 2019)115th (PPP, 2019)",5.8% (2017) 6.7% (2018)6.4% (2019e) 6.7% (2020f)[5],"$1,217 (nominal, 2019 est.)[4] $3,446 (PPP, 2019 est.)[4]","157th (nominal, 2019)153rd (PPP, 2019)",agriculture: 26.1%industry: 22.8%services: 51.1%(2017 est.)[6],,1.0% (2020 est.)[4],36.2% (2011 est.)[6]49.5% on less than $1.90/day (2015)[7],47.8 high (2015)[8],0.520 low (2018)[9] (163rd)0.327 IHDI (2018)[10],,,1% (2014 est.)[6],"textiles, food processing, construction materials, cement","149th (below average, 2020)[13]","Cotton, cashews, shea butter, textiles, palm products, seafood",Bangladesh 18.1% India 10.7% Ukraine 9% Niger 8.1% China 7.7% Nigeria 7.2% Turkey 4%(2017)[6],"Foodstuffs, capital goods, petroleum products",Thailand 18.1% India 15.9% France 8.5% China 7.5% Togo 5.9% Netherlands 4.3% Belgium 4.3%(2017)[6],,−$1.024 billion (2017 est.)[6],$2.804 billion (31 December 2017 est.)[6],54.6% of GDP (2017 est.)[6],−6.2% (of GDP) (2017 est.)[6],1.578 billion (2017 est.)[6],2.152 billion (2017 est.)[6],Standard & Poor's:[14]B (Domestic)B (Foreign)BBB- (T&C Assessment),$698.9 million (31 December 2017 est.)[6],"AU, AfCFTA (signed), ECOWAS, CEN-SAD, WTO",,"4,862,455 (2019)[11] 70.0% employment rate (2011)[12]",,,,,,,,
71,Bolivia,11797257,0.150%,10271,25%,2019,"5984
","2019
", Brazil," China
",61,"2013 est.
","60,161","5,334
",Bolivian Boliviano (BOB),Calendar year,"WTO, CAN, UNASUR, Mercosur (candidate)",Developing/Emerging[1]Lower-middle income economy[2],"$42.401 billion (nominal, 2019 est.)[4] $94.392 billion (PPP, 2019 est.)[4]","90th (nominal, 2019)88th (PPP, 2019)",4.2% (2018) 2.7% (2019e)−5.9% (2020f) 2.2% (2021f)[5],"$3,671 (nominal, 2019 est.)[4] $8,172 (PPP, 2019 est.)[4]","117th (nominal, 2019)120th (PPP, 2019)",agriculture: 13.8%industry: 37.8%services: 48.2%(2017 est.)[6],,3.1% (2020 est.)[4],34.6% (2018)[7] 10.6% on less than $3.20/day (2018)[8],42.2 medium (2018)[9],0.703 high (2018)[10] (114th)0.533 low IHDI (2018)[11],"5,423,333 (2019)[12] 69.3% employment rate (2018)[13]",agriculture: 29.4%industry: 22%services: 48.6%(2015 est.)[6],4% (2017 est.)[6]note: data are for urban areas; widespread underemployment,"mining, smelting, petroleum, food and beverages, tobacco, handicrafts, clothing, jewelry","150th (below average, 2020)[14]","natural gas, silver, zinc, lead, tin, gold, quinoa, soybeans and soy products",Brazil 17.9% Argentina 16% United States 7.8% Japan 7.3% India 6.6% South Korea 6.3% Colombia 5.8% China 5.1% United Arab Emirates 4.7%(2017)[6],"machinery, petroleum products, vehicles, iron and steel, plastics",China 21.7% Brazil 16.8% Argentina 12.6% United States 8.4% Peru 6.5%(2017)[6],$12.31 billion (31 December 2017 est.)[6] Abroad: $0 (31 December 2017 est.)[6],−$2.375 billion (2017 est.)[6],$12.81 billion (31 December 2017 est.)[6],24.5% of GDP (2019 est.)[6] [note 1],−7.8% (of GDP) (2017 est.)[6],15.09 billion (2017 est.)[6],18.02 billion (2017 est.)[6],B+ (Domestic)B+ (Foreign)B+ (T&C Assessment)(Standard & Poor's)[17],$10.26 billion (31 December 2017 est.)[6],,,,,,recipient: $726 million (2009 est.)[16],,,,,
72,Haiti,11743017,0.149%,1778,16.9%,2018,"2809
","2019
", United States," United States
",,,,,Haitian gourde (HTG),1 October – 30 September,"CARICOM, WTO",Least Developed[1]Low-income economy[2],"$8.347 billion (nominal, 2020)[3] $19.704 billion (PPP, 2020)[3]","145th (nominal, 2020)143rd (PPP, 2020)",1.5% (2018) −0.9% (2019e)−3.5% (2020f) 1.0% (2021f)[4][note 1],"$732 (nominal, 2020 est.)[3] $1,728 (PPP, 2020 est.)[3]","172nd (nominal, 2020)174th (PPP, 2020)",Agriculture 21.9%  industry 20.8%  services 57.3% (2017 est.)[5],,12.885% (2018)[3],58.5% (2012 est.)[5],41.1 medium (2012)[6],0.510 low (2019)[7] (170th) 0.303 low IHDI (2019)[8],4.594 million [5],Agriculture 38.1%  industry 11.5%  services 50.4% (2010 est.),13.2%,"Sugar refining, flour milling, textile, cement, light assembly, industries based on imported parts","179th (below average, 2020)[9]","apparel, manufactures, essential oils (Vetiver), cocoa, mangoes, coffee, bitter oranges (Grand Marnier)",United States 80.8%   Dominican Republic 5.1% (2016 est.)[10]   European Union 3.7% (2016 est.)[10],"food, manufactured goods, machinery and transport equipment, fuels, raw materials",United States 19.3%   China 18.9%   EU 18.1%   Indonesia 6.5% [11] Colombia 4.8% (2016 est.)[11],$1.46 billion (31 December 2017 est.)[5],,$2.607 billion (31 December 2017 est.)[5],31.1% of GDP (2017 est.)[5],,$1.58 billion (2017 est.)[5],$2.251 billion (2017 est.)[5],,$2.044 billion (31 December 2017 est.)[5],,,,,,$600 million (FY04 est.),,,,,
73,Tunisia,11708370,0.149%,19418,49.8%,2018,"18446
","2019
", European Union," European Union
","77,980","2010 est.
","30,738","4,275
","Tunisian dinar (TND, د.ت)",calendar year,,Developing/Emerging[1]Lower-middle income economy[2],"$39.610 billion (nominal, 2020 est.)[4] $149.190 billion (PPP, 2019 est.)[4]","92nd (nominal, 2019)76th (PPP, 2019)",2.7% (2018) 1.0% (2019e)−4.0% (2020f) 4.2% (2021f)[5],"$3,328 (nominal, 2020 est.)[4] $12,661 (PPP, 2019 est.)[4]","124th (nominal, 2019)97th (PPP, 2019)",agriculture: 10.1%industry: 26.2%services: 63.8%(2017 est.)[6],,5.4% (2020 est.)[4],15.2% (2015)[7]17.5% on less than $5.50/day (2015)[8],32.8 medium (2015)[9],0.739 high (2018)[10] (91st)0.585 medium IHDI (2018)[11],,,15.5% (2017 est.)[6],"petroleum, mining (particularly phosphate, iron ore), tourism, textiles, footwear, agribusiness, beverages","78th (easy, 2020)[15]","clothing, semi-finished goods and textiles, agricultural products, mechanical goods, phosphates and chemicals, hydrocarbons, electrical equipment",France 32.1% Italy 17.3% Germany 12.4%(2017)[6],"textiles, machinery and equipment, hydrocarbons, chemicals, foodstuffs",Italy 15.8% France 15.1% China 9.2% Germany 8.1% Turkey 4.8% Algeria 4.7% Spain 4.5%(2017)[6],$37.95 billion (31 December 2017 est.)[6] Abroad: $285 million (31 December 2017 est.)[6],−$4.191 billion (2017 est.)[6],$30.19 billion (31 December 2017 est.)[6],70.3% of GDP (2017 est.)[6],−5.8% (of GDP) (2017 est.)[6],9.876 billion (2017 est.)[6],12.21 billion (2017 est.)[6],Standard & Poor's:[16][17]BBB (Domestic)BBB- (Foreign)BBB (T&C Assessment)Outlook: NegativeMoody's:[17]Baa3Outlook: NegativeFitch:[17]BBBOutlook: Negative,$8.5 billion (23 Dicember 2020 est.)[6],"AU, AfCFTA (signed), WTO, COMESA, CEN-SAD, AMU",,"4,099,916 (2019)[12]40.0% employment rate (2015)[13]",agriculture: 14.8%industry: 33.2%services: 51.7%(2014 est.)[6],,,,,,$275 monthly (2017)[14],
74,Belgium,11556297,0.147%,431902,81.7%,2019,"426489
","2019
", European Union," European Union
",,,,,"Euro (EUR, €)",Calendar year,,Developed/Advanced[1]High-income economy[2],"$503 billion (nominal, 2020 est.)[4] $576 billion (PPP, 2020 est.)[4]","26th (nominal, 2020)36th (PPP, 2020)",1.5% (2018) 1.4% (2019)−8.3% (2020e) 5.4% (2021e)[4],"$43,814 (nominal, 2020 est.)[4] $50,114 (PPP, 2020 est.)[4]","16th (nominal, 2020)18nd (PPP, 2020)",agriculture: 0.7%industry: 22.1%services: 77.2%(2017 est.)[5],,0.6% (2020 est.)[4]1.2% (2019)[4]2.3% (2018)[4],"19.5% at risk of poverty or social exclusion (AROPE, 2019)[6]","25.1 low (2019, Eurostat)[7]",0.931 very high (2019)[8] (14th) 0.859 very high IHDI (2019)[9],,,5.1% (August 2020)[12] 13.0% youth unemployment (15 to 24 year-olds; June 2020)[13],"engineering and metal products, motor vehicle assembly, transportation equipment, scientific instruments, processed food and beverages, chemicals, pharmaceuticals, base metals, textiles, glass, petroleum","46th (very easy, 2020)[14]","chemicals, machinery and equipment, finished diamonds, metals and metal products, foodstuffs",Germany(+) 16.6% France(+) 14.9% Netherlands(+) 12% United Kingdom(+) 8.4% Italy(+) 4.9% United States(+) 4.8%(2017)[5],"raw materials, machinery and equipment, chemicals, raw diamonds, pharmaceuticals, foodstuffs, transportation equipment, oil products",Netherlands(+) 17.3% Germany(+) 13.8% France(+) 9.5% United States(+) 7.1% United Kingdom(+) 4.9% Ireland(+) 4.2% China(-) 4.1%(2017)[5],$1.035 trillion (31 December 2017 est.)[5] Abroad: $1.159 trillion (31 December 2017 est.)[5],$1.84 billion (2019 est.)[5],$1.281 trillion (31 March 2016 est.)[5],98.6% of GDP (2019)[15] €467.160 billion (2019)[15],€9.0 billion deficit (2019)[15]−1.9% of GDP (2019)[15],50.3% of GDP (2019)[15],52.2% of GDP (2019)[15],Standard & Poor's:[16]AA (Domestic)AA (Foreign)AAA (T&C Assessment)Scope:[17]AAOutlook: Negative,$26.16 billion (31 December 2017 est.)[5],"EU, WTO and OECD",,"5,105,726 (2020)[10] 69.7% employment rate (Target: 73.2%; 2018)[11]",agriculture: 1.3%industry: 18.6%services: 80.1%(2013 est.)[5],,$1.978bn (2006[update]),"€3,401 / $3,821 monthly (May, 2017)",,,"€2,170 / $2,438 monthly (May, 2017)",
75,Cuba,11193470,0.142%,,,,"5307
","2019
", Russia," China
","83,000","2012 est.
","41,079","4,357
",Cuban peso (CUP) = 100 cents and Cuban Convertible Peso (CUC) = 25 CUP,Calendar year,,Upper-middle income economy[1],"$100.023 billion (nominal, 2018)[3] $137 billion (2017 est.)[4]","62nd (nominal, 2018)77th (PPP, 2016)",,"$8,822 (nominal, 2018)[5] $12,300 (2016 est.)[4][note 1]","76th (nominal, 2017)103rd (PPP, 2016)",,,,,N/A,0.778 high (2018)[6] (72nd)N/A IHDI (2018)[7],"5,088,527 (2019)[8]state sector 72.3%, non-state sector 27.7% in 2017[4] 70.5% employment rate (2013)[9]",,2.6% (2017 est.)[4]data are official rates; unofficial estimates are about double[4],"petroleum, nickel, cobalt, pharmaceuticals, tobacco, construction, steel, cement, agricultural machinery, sugar",N/A (2020),"petroleum, nickel, medical products, sugar, tobacco, fish, citrus, coffee",Venezuela 17.8% Spain 12.2% Russia 7.9% Lebanon 6.1% Indonesia 4.5% Germany 4.3%(2017)[4],"petroleum, food, machinery and equipment, chemicals",China 22% Spain 14% Russia 5% Brazil 5% Mexico 4.9% Italy 4.8% United States 4.5%(2017)[4],NA[4]Abroad: $4.138 billion (2006 est.)[4],$985.4 million (2017 est.)[4],$30.06 billion (31 December 2017 est.)[4],47.7% of GDP (2017 est.)[4],−10.8% (of GDP) (2017 est.)[4],54.52 billion (2017 est.)[4],64.64 billion (2017 est.)[4],,$11.35 billion (31 December 2017 est.)[4],,,,,,$88 million (2005 est.),,,,,
76,Jordan,10920172,0.139%,15053,37.2%,2018,"17040
","2019
", United States," European Union
",,,,,Jordanian dinar (JOD),Calendar Year,,Developing/Emerging[1]Upper-middle income economy[2],"$42.291 billion (nominal, 2018)[3] $93.404 billion (PPP, 2018)[3]","89th (nominal, 2018)87th (PPP, 2018)",1.9% (2018) 2.0% (2019e)−3.5% (2020f) 2.0% (2021f)[4],"$4,270 (nominal, 2018 est.)[3] $9,431 (PPP, 2018 est.)[3]","107th (nominal, 2018)110th (PPP, 2018)",agriculture: 4.5%industry: 28.8%services: 66.6%(2017 est.)[5],,4.462% (2018)[3],"14.4% (2010, World Bank)[6]18.1% on less than $5.50/day (2010)[7]",35.4 medium (2013)[8],0.735 high (2017)[9] (95th)0.617 IHDI (2017)[10],,,18.3% (2017 est.)[5]note: official rate; unofficial rate is approximately 30%,"tourism, information technology, clothing, fertilizer, potash, phosphate mining, pharmaceuticals, petroleum refining, cement, inorganic chemicals, light manufacturing","75th (easy, 2020)[13]","textiles, fertilizers, potash, phosphates, vegetables, pharmaceuticals",United States 24.9% Saudi Arabia 12.8% India 8.2% Iraq 8.2% Kuwait 5.4% United Arab Emirates 4.6%(2017)[5],"crude oil, refined petroleum products, machinery, transport equipment, iron, cereals",China 13.6% Saudi Arabia 13.6% United States 9.9% United Arab Emirates 4.9% Germany 4.4%(2017)[5],$33.83 billion (31 December 2017 est.)[5] Abroad: $646.5 million (31 December 2017 est.)[5],−$4.257 billion (2017 est.)[5],$29.34 billion (31 December 2017 est.)[5],95.9% of GDP (2017 est.)[5][notes 1],−5.1% (of GDP) (2017 est.)[5],9.462 billion (2017 est.)[5],11.51 billion (2017 est.)[5],Standard & Poor's:[14]BB+ (Domestic)BB (Foreign)BBB- (T&C Assessment)Outlook: Negative[15]Moody's:[15]Ba2Outlook: Negative,$15.56 billion (31 December 2017 est.)[5],"WTO, CAEU",,"2,631,115 (2019)[11] 32.1% employment rate (2014)[12]",agriculture: 2%industry: 20%services: 78%(2013 est.)[5],,,,,,,
77,Greece,10718565,0.136%,81184,37.2%,2019,"62198
","2019
", European Union," European Union
","17,020","2010 est.
","1,831","285
","Greek agriculture, shipping and tourism, important sectors of the Greek economy","Euro (EUR, €)",,"EU, WTO, OECD, BIS, BSEC[1]","10,709,739 (1 January 2020 prov. est.)[5]","$189.259 billion (nominal, 2020)[6] $307.909 billion (PPP, 2020)[6]","51st (nominal, 2020)53rd (PPP, 2020)",−8.2% (2020 est.)[6][7] 3.8% (2021 est.)[6],"$17,670 (nominal, 2020 est.)[6] $28,748 (PPP, 2020 est.)[6]","41st (nominal, 2020)47th (PPP, 2020)",,agriculture: 4.1%industry: 16.9%services: 79.1%(2017 est.),−1.6% (March 2021)[8]−1.3% (2020)[6]0.5% (2019)[6]0.8% (2018)[6]1.1% (2017)[6],"30.0% at risk of poverty or social exclusion (AROPE, 2019)[9]",31.0 medium (2019)[10],,,agriculture: 12.6%industry: 15%services: 72.4%(2015 est.),"€8,195 (2019; annual, equivalised)[17]","shipping and shipbuilding (4th; 2011),[18][19] tourism, food and tobacco processing, textiles, chemicals, metal products; mining, petroleum[1]",€30.7625 billion ( −9.2%; 2020 est.)[21],"petroleum oils (not crude), etc 38.88%,aluminium and articles thereof 4.38%;electrical, electronic equipment 3.75%;pharmaceutical products 3.48%;plastics and articles thereof 3.32%;vegetables, fruits, etc 3.18%;iron and steel products 3.03%(2012)[22]",€48.7381 billion ( −12.7%; 2020 est.)[21],"crude petroleum oils, etc 37.47%;electrical, electronic equipment 6.48%;pharmaceutical products 5.92%;machinery, etc 4.2%;ships, boats, etc 4.13%;plastics and articles thereof 2.72%;cars, car parts, motorcycles, etc 2.72%(2012)[22]",Germany 10.4% Italy 8.2% Russia 6.8% Iraq 6.3% South Korea 6.1% China 5.4% Netherlands 5.3% France 4.3%(2017)[1],$65.12 billion (31 December 2017 est.)[1],−$3.114 billion (2019 est.)[1],"−€234.542 billion (Q2 2016, provisional)[24]","€337.542 billion ( 199.9% of GDP; Q3 2020 est.)[25]€331.072 billion ( 180.5% of GDP, 2019)[26][27]","€2.797 billion ( 1.5% of GDP, 2019)[26][27]",49.0% of GDP (2019)[26][27],47.5% of GDP (2019)[26][27],DBRS:[28]BB (low)Trend: StableFitch:[29]BBOutlook: StableMoody's:[30]Ba3Outlook: StableS&P:[31][32]BB-AAA (T&C Assessment)Outlook: StableScope:[33]BBOutlook: Positive,Calendar year[1],,0.888 very high (2019)[11] (32nd) 0.791 high IHDI (2019)[12],"4,606,724 (December 2020)[13] 61.2% employment rate (Target: 70%; 2019)[14]","€436.071 billion (Q2 2016, provisional)[23]",,15.8% (December 2020)[13] 37.5% youth unemployment (15 to 24 year-olds; May 2020)[15],,,"€17,512 (2018; annual)[16]","€9,382 (2019; annual, equivalised)[17]"
78,Sweden,10380491,0.132%,249702,47%,2019,"158712
","2019
", European Union," European Union
",,,,,"Swedish krona (SEK, kr)",Calendar year,,Developed/Advanced[1]High-income economy[2],"$529 billion (nominal, 2020 est.)[4] $552 billion (PPP, 2020 est.)[4]","23rd (nominal, 2019)40th (PPP, 2020)",2.0% (2018) 1.3% (2019)−4.7% (2020e) 3.5% (2021e)[4],"$50,339 (nominal, 2020 est.)[4] $52,477 (PPP, 2020 est.)[4]","12th (nominal, 2019)15th (PPP, 2019)",Agriculture: 1.6%Industry: 33%Services: 65.4%(2017 est.)[5],,0.8% (2020 est.)[4]1.6% (2019)[4]2.0% (2018)[4],15% (2014 est.)[6] 18.8% at risk of poverty or social exclusion (AROPE; 2019)[7],"27.6 low (2019, Eurostat)[8]",0.937 very high (2018)[9] (8th) 0.874 very high IHDI (2018)[10],,,9.0% (September 2020)[13] 28.9% youth unemployment (July 2020; 15 to 24 year-olds)[14],Iron and steelprecision equipment (bearingsradiotelephone partsarmaments)pulp and paperprocessed foodsmotor vehicles,"10th (very easy, 2020)[17]","machinery, motor vehicles, paper products, pulp and wood, iron and steel products, chemicals, military armaments",Germany(+) 11% Norway(+) 10.2% Finland(+) 6.9% United States(+) 6.8% Denmark(+) 6.8% United Kingdom(+) 6.2% Netherlands(+) 5.4% China(-) 4.6%(2017 est.)[19],"machinery, petroleum and petroleum products, chemicals, motor vehicles, iron and steel; foodstuffs, clothing",Germany(+) 18.7% Netherlands(+) 8.8% Norway(+) 8.2% Denmark(+) 7.2% United Kingdom(+) 5.2% Belgium(+) 5.0% Finland(+) 4.7% China(-) 4.6% France(+) 3.9%(2017 est.)[21],$0.5 trillion (31 December 2012 est.),,$939.9 billion (31 March 2016),35.1% of GDP (2019)[22] SEK 1.765 trillion (2019)[22],SEK 24.8 billion surplus (2019)[22]+0.5% of GDP (2019)[22],49.8% of GDP (2019)[22],49.3% of GDP (2019)[22],Standard & Poor's:[23]AAA (Domestic)AAA (Foreign)AAA (T&C Assessment)Outlook: Stable[24]Moody's:[24]AaaOutlook: StableFitch:[24]AAAOutlook: StableScope:[25]AAAOutlook: Stable,$60 billion (31 December 2012 est.)[26],"EU, WTO, OECD and others",,"5,503,812 (2020, ILO)[11] 82.1% employment rate (Target: 80%; 2019)[12]",Agriculture: 2%Industry: 12%Services: 86%(2014 est.)[5],,"donor: ODA, ~$4 billion (April. 2007)","€40,000/ $54,000 annual (2014)[15][16]",,,"€31,000/ $40,000 annual (2014)[15][16]",
79,Portugal,10295909,0.131%,104620,43.8%,2019,"89898
","2019
", European Union," European Union
",,,,,"Euro (EUR, €)",Calendar year,,Developed/Advanced[1]High-income economy[2],$231 billion (nominal; 2020)[4] $350 billion (PPP; 2020)[4],"49th (nominal, 2020)50th (PPP, 2020)",2.5% (2019) −7.6% (2020)3.9% (2021e) 4.8% (2022e)[4],"$22,489 (nominal, 2020)[4] $34,043 (PPP, 2020)[4]","37th (nominal, 2020)40th (PPP, 2020)",agriculture: 2.4%industry: 23.1%services: 74.4%(2013)[5],,−0.1% (2020)[4]0.3% (2019)[4]1.2% (2018)[4],"17.3% (2017)[6] 21.6% at risk of poverty or social exclusion (AROPE, 2019)[7]",31.9 medium (2019; Eurostat)[8],0.864 very high (2019)[9] (38th) 0.761 high IHDI (2019)[10],,,8.1% (August 2020)[13] 26.3% youth unemployment (15 to 24 year-olds; July 2020)[14],"textiles, clothing, footwear, wood and cork, paper, chemicals, auto-parts manufacturing, base metals, dairy products, wine and other foods, porcelain and ceramics, glassware, technology, telecommunications; ship construction and refurbishment; tourism, building materials","39th (very easy, 2020)[17]","Listagricultural products, food products, oil products, chemical products, plastics and rubber, skins and leather, wood and cork, wood pulp and paper, textile materials, clothing, footwear, minerals and mineral products, base metals, machinery and tools, vehicles and other transport material, optical and precision instruments",Spain(+) 25.8% France(+) 12.8% Germany(+) 11.6% United Kingdom(+) 6.8% USA(+) 5.3% Netherlands(+) 4.1% Italy(+) 3.6% Angola(+) 3.3% [19],"Listagricultural products, food products, oil products, chemical products, plastics and rubber, skins and leather, wood and cork, wood pulp and paper, textile materials, clothing, footwear, minerals and mineral products, base metals, machinery and tools, vehicles and other transport material, optical and precision instruments, computer accessories and parts, semi-conductors and related devices, household goods, passenger cars new and used, wine products",Spain(+) 32.2% Germany(+) 13.8% France(+) 7.4% Italy(+) 5.5% Netherlands(+) 5.4% China(-) 3.0% Belgium(+) 2.8% United Kingdom(+) 2.7% [20],€30 billion (2013)[21],,€0.4 trillion (Dec 2015)[22],117.7% of GDP (2019)[23] €249.980 billion (2019)[23],€404 million surplus (2019)[23]+0.2 of GDP (2019)[23],42.9% of GDP (2019)[23],42.7% of GDP (2019)[23],Standard & Poor's:[25]BB (Domestic)BB (Foreign)AAA (T&C Assessment)Outlook: StableMoody's:[26]Ba1Outlook: StableFitch:[27]BB+Outlook: PositiveScope:[28]BBB+Outlook: StableARC:[29]BBB-Outlook: Stable,$20 billion (Aug 2014)[30],"EU, WTO and OECD",,"5,156,349 (2020)[11] 75.4% employment rate (Target: 75%; 2018)[12]",agriculture: 7.5%industry: 24.5%services: 68.1%(2015),,donor: €364 million (2013)[24],,,1 euro = 200.482 Portuguese escudo,"10,284€ ($11,659) annual (2018)[15][16]",
80,Azerbaijan,10122148,0.129%,26630,49.2%,2019,"13649
","2019
", European Union," European Union
","813,000","2018 est.
","693,880","85,710
","Azerbaijani manat (AZN, ₼)",Calendar year,,Developing/Emerging[1]Upper-middle income economy[2],"$48.047 billion (nominal, 2019 est.)[4] $187.346 billion (PPP, 2019 est.)[5]","86th (nominal, 2019)72nd (PPP, 2019)",1.5% (2018) 2.2% (2019e)−2.6% (2020f) 2.2% (2021f)[6],"$4,851 (nominal, 2019 est.)[4] $18,616 (PPP, 2019 est.)[4]","102nd (nominal, 2019)73rd (PPP, 2019)",agriculture: 6.1%industry: 53.5%services: 40.4%(2017 est.)[7],,3.3% (2020 est.)[5],4.9% (2015 est.)[7] 8.2% on less than $5.50/day (2005)[8],33.7 medium (2008)[7],0.754 high (2018)[9] (87th) 0.683 medium IHDI (2018)[10],,,5.0% (2020 est.)[5] 4.9% (2018)[13] 13.4% youth unemployment (2015)[14],"petroleum and natural gas, petroleum products, oilfield equipment; steel, iron ore, cement; chemicals; petrochemicals; textiles; machinery; cotton; foodstuffs","34th (very easy, 2020)[15]","oil and gas, machinery, foodstuffs, cotton",Italy(+) 30.1% Turkey(+) 9.27% Israel(+) 6.58% Czech Republic(+) 4.79% Germany(+) 4.12% India(+) 4.08% China(+) 3.67%(2018)[7],"machinery and equipment, foodstuffs, metals, chemicals",Russia(+) 15.8% Turkey(+) 13.1% United Kingdom(-) 11% China(+) 5.66% Germany(+) 5.07% Georgia(+) 4.19%(2018)[7],$79.53 billion (31 December 2017 est.)[7] Abroad: $19.6 billion (31 December 2017 est.)[7],$4.4 billion (2019 est.)[7],$8.927 billion (2020 est.)[7],17.59% of GDP (2020 est.)[7],5.55% (of GDP) (2019 est.)[7],14.235 billion (2020 est.)[7],15.82 billion (2020 est.)[7],Fitch:[16]BB+Outlook: NegativeMoody's:[17]Ba2Outlook: StableStandard & Poor's:[18]BB+AAA (T&C Assessment)Outlook: Stable[19],$52 billion (February 2020 est.)[7],"CIS, ECO, GUAM, WTO (observer)",,"5,073,024 (2019)[11] 63.0% employment rate (2018)[12]",agriculture: 37%industry: 14.3%services: 48.9%(2014)[7],,,"AZN 540 / €281 monthly (January, 2017)",,,"AZN 448 / €233 monthly (January, 2017)",
81,Hungary,9730000,0.124%,134146,83.3%,2019,"116556
","2019
", European Union," European Union
",,,"16,418","1,426
",Hungarian forint (HUF),Calendar year,,Developing/Emerging[1]High-income economy[2],"$150 billion (nominal, 2020 est.)[4] $316 billion (PPP, 2020 est.)[4]","55th (nominal, 2020)52nd (PPP, 2020)",5.1% (2018) 4.9% (2019e)−5.0% (2020f) 4.5% (2021f)[5],"$15,372 (nominal, 2020 est.)[4] $32,434 (PPP, 2020 est.)[4]","45th (nominal, 2020)41st (PPP, 2020)",agriculture: 3.9%industry: 31.3%Services: 64.8%(2017)[6],,3.7% (2020 est.)[4]3.4% (2019)[4]2.8% (2018)[4],"14.9% in poverty (2014)[8] 18.9% at risk of poverty or social exclusion (AROPE, 2019)[9]","28.0 low (2019, Eurostat)[10]",0.845 very high (2018)[11] (43rd) 0.777 high IHDI (2018)[12],,,4.6% (July 2020)[16] 15.2% youth unemployment (15 to 24 year-olds; June 2020)[17],"mining, metallurgy, construction materials, food processing, electronics, textiles, chemicals, pharmaceuticals, motor vehicles, information technology","52nd (very easy, 2020)[19]",machinery and equipment: 53.5%other manufactures: 31.2%food products: 8.7%fuels and electricity: 3.9%raw materials: 3.4%(2012),Germany(+) 27.7% Romania(+) 5.4% Italy(+) 5.1% Austria(+) 5% Slovakia(+) 4.8% France(+) 4.4% Czech Republic(+) 4.4% Poland(+) 4.3%(2017)[6],machinery and equipment: 45.4%other manufactures: 34.3%fuels and electricity: 12.6%food products: 5.3%raw materials: 2.5%(2012),Germany(+) 26.2% Austria(+) 6.3% China(-) 5.9% Poland(+) 5.5% Slovakia(+) 5.3% Netherlands(+) 5% Czech Republic(+) 4.8% Italy(+) 4.7% France(+) 4%(2017)[6],$290 billion (31 December 2017 est.)[6] Abroad: $212 billion (31 December 2017 est.)[6],$4.39 billion (2017 est.)[6],$138.1 billion (31 December 2017 est.)[6],66.3% of GDP (2019)[21] HUF 31.040 trillion (2019)[21],HUF 958.1 billion deficit (2019)[21]−2.0% of GDP (2019)[21],44.0% of GDP (2019)[21],46.1% of GDP (2019)[21],Standard & Poor's:[23]BBBOutlook: StableMoody's:[24]Baa3Outlook: StableFitch:[25]BBBOutlook: StableScope:[26]BBB+Outlook: Stable,$28 billion (31 December 2017 est.)[6],"European Union, OECD, AIIB and WTO",0.90%[7],"4,669,760 (2019)[13] 74.4% employment rate (Target: 75%; 2018)[14]",Services: 64.8%Industry: 21.4%Construction: 6.5%Agriculture: 4.8%Other: 2.7%(2016)[15],,$22.40 billion of EU structural funds from (2007–13) $3.72 billion of EU structural funds from (2004–06)[22],"$24,455 (PPP) / $13,556 (nom), annual (2018)[18]",,,,
82,Honduras,9450711,0.120%,7370,40.2%,2019,"9157
","2019
", United States," United States
",,,,,"Honduran Lempira (HNL, L)",Calendar year,"DR-CAFTA, WTO",Developing/Emerging[1]Lower-middle income economy[2],"$23.803 billion (nominal, 2018 est.)[4] $49.198 billion (PPP, 2018 est.)[4]","104th (nominal, 2019)105th (PPP, 2019)",3.7% (2018) 2.7% (2019e)−5.8% (2020f) 3.7% (2021f)[5],"$2,524 (nominal, 2018 est.)[4] $5,216 (PPP, 2018 est.)[4]","132nd (nominal, 2018)135th (PPP, 2018)",agriculture: 14.2%industry: 28.8%services: 57%(2017 est.)[6],,4.348% (2018)[4],29.6% (2014)[6] 31.6% on less than $3.20/day (2017)[7],50.5 high (2017)[8],0.623 medium (2018)[9] (132nd)0.464 IHDI (2018)[10],"4,376,463 (2019)[11] 67.7% employment rate (2018)[12]",agriculture: 39.2%industry: 20.9%services: 38.9%(2005 est.)[6],5.6% (2018)[13]about one-third of the people are underemployed[6],"sugar processing, coffee, woven and knit apparel, wood products, cigars","133rd (medium, 2020)[14]","coffee, apparel, shrimp, automobile wire harnesses, cigars, bananas, gold, palm oil, fruit, lobster, lumber",United States 34.5% Germany 8.9% Belgium 7.7% El Salvador 7.3% Netherlands 7.2% Guatemala 5.2% Nicaragua 4.8%(2017)[6],"communications equipment, machinery and transport, industrial raw materials, chemical products, fuels, foodstuffs",United States 40.3% Guatemala 10.5% China 8.5% Mexico 6.2% El Salvador 5.7% Panama 4.4% Costa Rica 4.2%(2017)[6],,−$380 million (2017 est.)[6],$8.625 billion (31 December 2017 est.)[6],39.5% of GDP (2017 est.)[6],−2.7% (of GDP) (2017 est.)[6],4.658 billion (2017 est.)[6],5.283 billion (2017 est.)[6],Standard & Poor's:[15]B (Domestic)B (Foreign)B+ (T&C Assessment),$4.708 billion (31 December 2017 est.)[6],,,,,,,,,,,
83,Belarus,9408350,0.120%,41931,66.4%,2019,"31668
","2019
", Russia," Russia
",,,"34,249","2,637
","Belarusian ruble (BYN, Br)",Calendar year,,Developing/Emerging[1]Upper-middle income economy[2],"$63 billion (nominal, 2019 est.)[4] $196 billion (PPP, 2019 est.)[4]","75th (nominal, 2019)69th (PPP, 2019)",3.1% (2018) 1.2% (2019e)−4.0% (2020f) 1.0% (2021f)[5],"$6,604 (nominal, 2019 est.)[4] $20,644 (PPP, 2019 est.)[4]","84th (nominal, 2019)64th (PPP, 2019)",agriculture: 8.1%industry: 40.8%services: 51.1%(2017 est.)[6],household consumption: 54.8%government consumption: 14.6%investment in fixed capital: 24.9%investment in inventories: 5.7%exports of goods and services: 67%imports of goods and services: −67%(2017 est.)[6],4.8% (2020 est.)[4],5.6% (2018)[7] 0.4% on less than $5.50/day (2020f)[8],25.2 low (2018)[9],0.817 very high (2018)[10] (50th) 0.765 high IHDI (2018)[11],,,4.8% (2018)[14],"metal-cutting machine tools, tractors, trucks, earthmovers, motorcycles, synthetic fibers, fertilizer, textiles, refrigerators, washing-machines and other household appliancesAgricultural products: grain, potatoes, vegetables, sugar beets, flax; beef, milk","49th (very easy, 2020)[16]",Agricultural products 19.6%Fuels and mining products 22.0%Manufacturers 55.0%Others 3.5%[17],Russia 46.3% European Union 23.6% Ukraine 12.0% Brazil 1.9% China 1.7%Other 14.5%[17],Agricultural products 15.3%Fuels and mining products 29.7%Manufacturers 51.5%Others 3.5%[17],Russia 54.2% European Union 19.8% China 7.7% Ukraine 3.5% Turkey 2.6%Other 12.1%[17],$6.929 billion (31 December 2016 est.)[6] Abroad: $3.547 billion (31 December 2016 est.)[6],−$931 million (2017 est.)[6],$39.92 billion (31 December 2017 est.)[6],53.4% of GDP (2017 est.)[6],+2.9% (of GDP) (2017 est.)[6],22.15 billion (2017 est.)[6],20.57 billion (2017 est.)[6],Standard & Poor's:[18]B+ (Domestic)B (Foreign)B (T&C Assessment),$7.315 billion (31 December 2017 est.)[6],"CIS, EAEU, CISFTA",,"4,975,430 (2019)[12] 67.5% employment rate (2018)[13]",agriculture: 9.7%industry: 23.4%services: 66.8%(2015 est.)[6],,,"BYN 13,400/€5,400 annual (2018)[15]",,,"BYN 11,500/€4,700 annual (2018)[15]",
84,Israel,9336100,0.119%,114221,29.4%,2019,"76491
","2019
", United States," European Union
",,,300,"47
",Israeli shekel (ILS; ₪‎),Calendar year,,Developed/Advanced[1]High-income economy[2],"$387.717 billion (nominal, 2019 est.)[3] $334.675 billion (PPP, 2020 est.)[4]",,3.4% (2018) 3.5% (2019)−6.3% (2020e) 5.0% (2021e)[4],"$42,823 (nominal, 2019 est.)[3] $39,121 (PPP, 2019 est.)[3]",,agriculture: 2.4%industry: 26.5%services: 69.5%(2017 est.)[5],,−1.9% (2020 est.)[4],24.8% (2012)[6],34.8 medium (2018)[7],0.919 very high (2019)[8] (19th) 0.814 very high IHDI (2019)[9],,,"4.2% (May 2020)[10] 6.0% youth unemployment (Q1-2020)[11] 170,200 unemployed (May 2020)[10]","high-technology products (including aviation, communications, telecommunications equipment, computer hardware and software, aerospace and defense contracting, medical devices, fiber optics, scientific instruments), pharmaceuticals, potash and phosphates, metallurgy, chemical products, plastics, diamond cutting, financial services, petroleum refining, textiles.[12]","35th (very easy, 2020)[13]","Cut diamonds, refined petroleum, pharmaceuticals, machinery and equipment, medical instruments, computer hardware and software, agricultural products, chemicals, textiles and apparel.[14][15]",United States 28.8% United Kingdom 8.2% Hong Kong 7% China 5.4% Belgium 4.5%(2017)[5],"Raw materials, military equipment, motor vehicles, investment goods, rough diamonds, crude petroleum, grain, consumer goods.[14][15]",United States 11.7% China 9.5%  Switzerland 8% Germany 6.8% United Kingdom 6.2% Belgium 5.9% Netherlands 4.2% Turkey 4.2% Italy 4%(2017)[5],$82.82 billion (2011 est.; 43rd),,$97.463 billion (July 2019 est.;),59.8% of GDP (2018 est.; 28th),−3% of GDP (2011 est.; 105th),$68.29 billion (2011 est.),$75.65 billion (2011 est.),Standard & Poor's:AA−Outlook: Stable[16]Moody's:A1Outlook: Positive[17]Fitch:A+Outlook: Stable[18],"$115,782 million (July 2018 est.;[19] 23rd)","AIIB, BIS, CLS, EBRD, IADB, ICC, IMF, ISO, ITUC, OECD, UN, WCO, WFTU, WTO",,"4,065,500 (May 2020)[10] 59.0% employment rate (May 2020)[10]",agriculture: 1.1%industry: 17.3%services: 81.6%(2015 est.)[5],,,,,,,
85,Tajikistan,9313800,0.118%,1243,15.7%,2019,"3327
","2019
", Turkey," Russia
",,,180,"20
",Somoni (TJS),calendar year,,Developing/Emerging[1]Low-income economy[2],"$8.152 billion (nominal, 2019 est.)[3] $33.351 billion (PPP, 2019 est.)[3]","143rd (nominal, 2019)125th (PPP, 2019)",7.3% (2018) 7.5% (2019e)−2.0% (2020f) 3.7% (2021f)[4],"$877 (nominal, 2019 est.)[3] $3,589 (PPP, 2019 est.)[3]","164th (nominal, 2019)151st (PPP, 2019)","agriculture: 23.3%, industry: 22.8%, services: 53.9% (2012 est.)",,7.1% (2020 est.)[3],27.4% (2018)[5] 2.7% on less than $1.90/day (2020f)[6],34.0 medium (2015)[7],0.656 medium (2018)[8] (125th)0.574 medium IHDI (2018)[9],,,2.5% (2012 est.),"aluminum, cement, vegetable oil","106th (medium, 2020)[10]","aluminum, electricity, cotton, fruits, vegetable oil, textiles",Turkey(+) 19.7%   Kazakhstan(+) 17.6%    Switzerland(+) 13.7%   Iran(+) 8.7%   Afghanistan(+) 7.5%   Russia(+) 5.1%   China(-) 4.9%   Italy(+) 4.8% (2015)[11],"petroleum products, aluminum oxide, machinery and equipment, foodstuffs",China(-) 42.3%   Russia(+) 17.9%   Kazakhstan(+) 13.1%   Iran(+) 4.7% (2015)[12],,,,$2.2 billion (31 December 2012 est.),,$2.046 billion (2012 est.),$2.066 billion (2012 est.),,,"IMF, World Bank, CIS, SCO, WTO, CISFTA",,2.1 million (2012),"agriculture: 47.9%, industry: 10.9%, services: 41.2% (2012 est.)",,recipient: $67 million from US (2005),,,,,
86,Austria,8933346,0.114%,246776,55.7%,2019,"188052
","2019
", European Union," European Union
",,,"10,822","1,742
","Euro (EUR, €)",Calendar year,,Developed/Advanced[1]High-income economy[2],"$446 billion (nominal, 2019)[4] $521 billion (PPP, 2019)[4]","26th (nominal, 2019)44th (PPP, 2020)",2.4% (2018) 1.6% (2019)−6.7% (2020e) 4.6% (2021e)[4],"$50,380 (nominal, 2019)[4] $58,850 (PPP, 2019)[4]","13th (nominal, 2019)18th (PPP, 2018)",agriculture: 1.3%industry: 28.4%services: 70.3%(2017 est.)[5],,1.2% (2020 est.)[4]1.5% (2019)[4]2.1% (2018)[4],"16.9% at risk of poverty or social exclusion (AROPE, 2019)[6]","27.5 low (2019, Eurostat)[7]",0.914 very high (2018)[8] (20th) 0.843 very high IHDI (2018)[9],,,5.0% (August 2020)[12] 10.3% youth unemployment (15 to 24 year-olds; July 2020)[13],"construction, machinery, vehicles and parts, food, metals, chemicals, lumber and paper, electronics, tourism","27th (very easy, 2020)[14]","machinery and equipment, motor vehicles and parts, manufactured goods, chemicals, iron and steel, foodstuffs",Germany (+) 29.4% United States (+) 6.3% Italy (+) 6.2%  Switzerland (+) 5.1% France (+) 4.8% Slovakia (+) 4.8%(2017)[5],"machinery and equipment, motor vehicles, chemicals, metal goods, oil and oil products, natural gas; foodstuffs",Germany (+) 41.8% Italy (+) 5.8%  Switzerland (+) 5.5% Czech Republic (+) 4.4% Netherlands (+) 4.2%(2017)[5],$294.1 billion (31 December 2017 est.)[5] Abroad: $339.7 billion (31 December 2017 est.)[5],$7.859 billion (2017 est.)[5],$630.8 billion (31 December 2017)[5],70.4% of GDP (2019)[15] €280.426 billion (2019)[15],€2.9 billion surplus (2019)[15]+0.7% of GDP (2019)[15],49.0% of GDP (2019)[15],48.2% of GDP (2019)[15],Scope:[16]AAAOutlook: Stable,$21.57 billion (31 December 2017 est.)[5],"EU, WTO, OECD",,"4,559,603 (2019)[10] 76.2% employment rate (Target: 77%; 2018)[11]",agriculture: 0.7%industry: 25.2%services: 74.1%(2017 est.)[5],,,"€4,163 / $4,604 monthly (2017)",,,"€2,761 / $3,053 monthly (2017)",
87,Switzerland,8667100,0.110%,458921,66%,2019,"277207
","2019
", European Union," European Union
",,,,,Swiss franc (CHF),Calendar year,,Developed/Advanced[1]High-income economy[2],"$708 billion (nominal, 2020 est.)[4] $591 billion (PPP, 2020)[5]","18th (nominal, 2020)34th (PPP, 2020)",2.7% (2018) 0.9% (2019)−6.0% (2020e) 3.8% (2021e)[5],"$81,867 (nominal, 2020 est.)[4] $68,340 (PPP, 2020 est.)[4]","2nd (nominal, 2020)5th (PPP, 2020)",agriculture: 0.7%industry: 25.6%services: 73.7%(2017 est.)[6],,−0.4% (2020 est.)[5]0.4% (2019)[7],"6.6% in poverty (2014 est.)[6] 17.4% at risk of poverty or social exclusion (AROPE, 2018)[8]","29.7 low (2018, Eurostat)[9]",0.955 very high (2019)[10] (2nd) 0.889 very high IHDI (2019)[11],,,4.8% (June 2020)[14] 10.4% youth unemployment (15 to 24 year-olds; Q2-2020)[15],Machinerychemicalswatchestextilesprecision instrumentstourismbankinginsurancepharmaceuticals,"36th (very easy, 2020)[17]","machinery, chemicals, metals, watches, agricultural products",Germany(+) 15.2% United States(+) 12.3% China(-) 8.2% India(+) 6.7% France(+) 5.7% United Kingdom(+) 5.7% Hong Kong(+) 5.4% Italy(+) 5.3%(2017)[6],"machinery, chemicals, vehicles, metals, agricultural products, textiles",Germany(+) 20.9% United States(+) 7.9% Italy(+) 7.6% United Kingdom(+) 7.3% France(+) 6.8% China(-) 5%(2017)[6],$1.489 trillion (31 December 2017 est.)[6] Abroad: $1.701 trillion (31 December 2017 est.)[6],$66.55 billion (2017 est.)[6],$1.664 trillion (31 March 2016 est.)[6],41.8% of GDP (2017 est.)[6][note 2],1.1% (of GDP) (2017 est.)[6],242.1 billion (2017 est.)[6],234.4 billion (2017 est.)[6][note 3],Standard & Poor's:[19]AAA (Domestic)AAA (Foreign)AAA (T&C Assessment)Outlook: Stable[20]Moody's:[20]AaaOutlook: StableFitch:[20]AAAOutlook: StableScope:[21]AAAOutlook: Stable,$1.021 trillion (October 2020 est.)[6],"EFTA, WTO and OECD",,"4,971,981 (2019)[12] 82.5% employment rate (2018)[13]",agriculture: 3.3%industry: 19.8%services: 76.9%(2015)[6],,Donor: ODA 2.31 billion CHF (0.47% of GDP)[18],"$62,283, annual (2017)[16]",,,,
88,Togo,7886000,0.100%,1703,29.6%,2018,"1964
","2019
", Benin," European Union
",,,,,West African CFA Franc (XOF),,,Least Developed[2]Low-income economy[3],"$5.502 billion (nominal, 2019 est.)[5] $14.962 billion (PPP, 2019 est.)[5]","146th (nominal, 2019)144th (PPP, 2019)",4.4% (2017) 4.9% (2018)5.3% (2019e) 5.5% (2020f)[6],"$671 (nominal, 2019 est.)[5] $1,826 (PPP, 2019 est.)[5]","175th (nominal, 2019)174th (PPP, 2019)",agriculture: 28.1%industry: 21.6%services: 50.3%(2017[update])[7],,2.0% (2020 est.)[5],55.1% (2015[update])[7]49.2% on less than $1.90/day (2015)[8],43.1 medium (2015)[9],0.513 low (2018)[10] (167th)0.350 IHDI (2018)[11],,,6.9% (2016[update]),"phosphate mining, agricultural processing, cement, handicrafts, textiles, beverages","97th (easy, 2020)[12]","re exports, cotton, phosphates, coffee, cocoa",Benin 17.5% Burkina Faso 15.9% India 7.6% Mali 7.2% Niger 7% Côte d’Ivoire 6.1% Ghana 4.8% Nigeria 4.3%(2015)[13],"machinery and equipment, foodstuffs, petroleum products",China 22.9% Belgium 20.3% Netherlands 11.9% France 6.6% India 4.8% Singapore 4.4%(2015)[14],$451 million (2017[update])[15],,$1.387 billion (2017[update]),$391 million (2017[update]),,$1.469 billion (2017[update]),$1.7 billion (2017[update]),,$215.1 million (2017[update])[16],"AU, AfCFTA, CEN-SAD, ECOWAS, WTO",,"3,807,000 (2020[update])",agriculture 69%industry 6%services 25%(2008[update]),,,,,"1 USD =  566.06,1 XOF (2018[update]) [1]",,
89,Paraguay,7353038,0.0935%,13267,34.7%,2019,"12187
","2019
", Brazil," China
",,,,,"Paraguayan guaraní (PYG, ₲)",Calendar year,"WTO, Mercosur, Prosur, Unasur (suspended)",Developing/Emerging[1]Upper-middle income economy[2],"$35.606 billion (nominal, 2020 est.)[4] $90.678 billion (PPP, 2020 est.)[4]","95th (nominal, 2020)90th (PPP, 2020)",3.4% (2018) 0.0% (2019e)−2.8% (2020f) 4.2% (2021f)[5],"$4,909 (nominal, 2020 est.)[4] $12,503 (PPP, 2020 est.)[4]","92nd (nominal, 2020)94th (PPP, 2020)",agriculture: 17.9%industry: 27.7%services: 54.5%(2017 est.)[6],,3.7% (2020 est.)[4],24.2% (2018)[7] 17.0% on less than $5.50/day (2018)[8],46.2 high (2018)[9],0.728 high (2019)[10] (103rd) 0.557 low IHDI (2019)[11],"3,530,715 (2019)[12] 67.4% employment rate (2018)[13]",agriculture: 26.5%industry: 18.5%services: 55%(2008)[6],5.7% (2017 est.)[6],"sugar, cement, textiles, beverages, wood products, steel, base metals, electric power","125th (medium, 2020)[14]","soybeans, feed, cotton, meat, edible oils, wood, leather",Brazil 31.9% Argentina 15.9% Chile 6.9% Russia 5.9%(2017)[6],"road vehicles, consumer goods, tobacco, petroleum products, electrical machinery, tractors, chemicals, vehicle parts",China 31.3% Brazil 23.4% Argentina 12.9% United States 7.4%(2017)[6],$6.235 billion (31 December 2017 est.)[6] Abroad: $705.1 million (31 December 2017 est.)[6],−$298 million (2017 est.)[6],$17.7 billion (31 December 2017 est.)[6],19.5% of GDP (2017 est.)[6],−1.1% (of GDP) (2017 est.)[6],5.524 billion (2017 est.)[6],5.968 billion (2017 est.)[6],Standard & Poor's:[15]BB (Domestic)BB (Foreign)BB+ (T&C Assessment)Outlook: Positive[16]Moody's:[16]Ba2Outlook: Stable,$7.877 billion (31 December 2017 est.)[6],,,,,,,,,,,
90,Laos,7337783,0.0934%,6216,33.2%,2018,"5797
","2019
", Thailand," Thailand
",,,,,"Lao Kip (LAK, ₭)",1 October–30 September,"ASEAN, WTO",Developing/Emerging[1]Lower-middle income economy[2],"$19.127 billion (nominal, 2019 est.)[4] $58.091 billion (PPP, 2019 est.)[4]","112th (nominal, 2019)103rd (PPP, 2019)",6.3% (2018) 4.7% (2019e)1.0% (2020f) 4.6% (2021f)[5],"$2,670 (nominal, 2019 est.)[4] $8,110 (PPP, 2019 est.)[4]","131st (nominal, 2019)121st (PPP, 2019)",agriculture: 20.9%industry: 33.2%services: 45.9%(2017 est.)[3],,3.3% (2020 est.)[4],22% (2013 est.)[3]58.7% on less than $3.20/day (2012)[6],36.4 medium (2012)[7],0.604 medium (2018)[8] (140th)0.454 low IHDI (2018)[9],"3,800,051 (2019)[10]36.9% employment rate (2017)[11]",agriculture: 73.1%industry: 6.1%services: 20.6%(2012 est.)[3],9.4% (2017)[12],"Copper, tin, gold, and gypsum mining; timber, electric power, agricultural processing, rubber construction, garments, cement and tourism","154th (below average, 2020)[13]","wood products, electricity, coffee, tin, copper, gold and cassava",Thailand(+) 42.6% China(+) 28.7% Vietnam(+) 10.4% India(+) 4.4% (2017)[3],"machinery and equipment, vehicles, fuel, consumer goods",Thailand(+) 59.1% China(+) 21.5% Vietnam(+) 9.8% (2017)[3],$15.14 billion (31 December 2012 est.)[3],−$2.057 billion (2017 est.)[3],$14.9 billion (31 December 2017 est.)[3],63.6% of GDP (2017 est.)[3],−5.5% (of GDP) (2017 est.)[3],3.099 billion (2017 est.)[3],4.038 billion (2017 est.)[3],,$1.27 billion (31 December 2017 est.)[3],,,,,,$0.4 billion (1999 est.),,,,,
91,Libya,6959000,0.0885%,29964,64.8%,2018,"13123
","2019
", European Union," European Union
","385,500","2014 est.
","408,074","159,383
","Libyan dinar (LYD, ل.د)",calendar year,,Developing/Emerging[1]Upper-middle income economy[2],"$40.951 billion (nominal, 2018 est.)[4] $74.719 billion (PPP, 2018 est.)[4]","90th (nominal, 2018)94th (PPP, 2018)",26.7% (2017) 7.9% (2018e)5.5% (2019f) −58.7% (2020f)[5],"$6,288 (nominal, 2018 est.)[4] $11,473 (PPP, 2018 est.)[4]","84th (nominal, 2018)102nd (PPP, 2018)",agriculture 1.3%industry 63.8%services 34.9%(2017 est.)[6],,9.293% (2018)[4],NA%about one-third of Libyans live at or below the national poverty line[7],N/A,0.708 high (2018)[8] (108th),,,30% (2004 est.)[7],"petroleum, steel, iron, food processing, textiles, cement","186th (below average, 2020)[11]","crude oil, refined petroleum products, natural gas, chemicals",Italy 19% Spain 12.5% France 11% Egypt 8.6% Germany 8.6% China 8.3% US 4.9% UK 4.6% Netherlands 4.5%(2017)[7],"machinery, transport equipment, semi-finished goods, food, consumer products",China 13.5% Turkey 11.3% Italy 6.9% South Korea 5.9% Spain 4.6%(2017)[7],$20.21 billion (31 December 2017 est.)[7] Abroad: $20.97 billion (31 December 2017 est.)[7],$2.574 billion (2017 est.)[7],$3.02 billion (31 December 2017 est.)[7],4.7% of GDP (2017 est.)[7],−25.1% (of GDP) (2017 est.)[7],15.78 billion (2017 est.)[7],23.46 billion (2017 est.)[7],,$74.71 billion (31 December 2017 est.)[7],"OPEC, COMESA, CEN-SAD, AMU",,"2,553,671 (2019)[9]38.7% employment rate (2012)[10]",agriculture: 17%industry: 23%services: 59%(2004)[7],,"recipient ODA $9 million (2010), $642 million (2011), $87 million (2012)[12]",,,,,
92,Bulgaria,6951482,0.0884%,43168,63.6%,2019,"37809
","2019
", European Union," European Union
",,,"1,000","140
",Bulgarian lev (BGN) Euro (EUR),Calendar year,,Developing/Emerging[1]Upper-middle income economy[2],"$68 billion (nominal, 2020 est.)[4] $164 billion (PPP, 2020 est.)[4]","72nd (nominal, 2019)73rd (PPP, 2020)",3.1% (2018) 3.4% (2019e)−6.2% (2020f) 4.3% (2021f)[5],"$11,350 (nominal, 2021 est.)[4] $25,413 (PPP, 2021 est.)[4]","68th (nominal, 2019)59th (PPP, 2019)",agriculture: 5.1%industry: 27.5%services: 67.4%(2016 est.)[6],,1.2% (2020 est.)[4]2.5% (2019)[4]2.6% (2018)[4],"22.0% in poverty (2017)[7][8] 32.5% at risk of poverty or social exclusion (AROPE, 2019)[9] 6.8% on less than $5.50/day (2020f)[10]","40.8 medium (2019, Eurostat)[11]",0.816 very high (2018)[12] (52nd) 0.713 high IHDI (2018)[13],,,6.2% (August 2020)[17] 12.7% youth unemployment (2018)[18],"electricity, gas, water; food, beverages, tobacco; machinery and equipment, automotive parts, base metals, chemical products, coke, refined petroleum, nuclear fuel; outsourcing centers","61st (easy, 2020)[19]","clothing, footwear, iron and steel, machinery and equipment, fuels, agriculture, tobacco, IT components",Germany(+) 15.7% Italy(+) 8.7% Romania(+) 8.15% Turkey(+) 7.95% Greece(+) 6.21% France(+) 3.97% Belgium(+) 3.52% Netherlands(+) 2.77% Spain(+) 2.48% Poland(+) 2.42% United Kingdom(+) 2.39% United States(+) 2.2% Czech Republic(+) 2.08% Austria(+) 1.83% Serbia(+) 1.79% Hungary(+) 1.66% Russia(+) 1.5% North Macedonia(+) 1.23%(2018)[21],"machinery and equipment; metals and ores; chemicals and plastics; fuels, minerals, and raw materials",Germany(+) 11.7% Russia(+) 8.38% Italy(+) 7.23% Romania(+) 6.62% Turkey(+) 6.48% Spain(+) 4.61% Greece(+) 4.21% China(-) 4.01% Netherlands(+) 3.49% Hungary(+) 3.32% Poland(+) 3.24% France(+) 2.7% Czech Republic(+) 2.48% Austria(+) 2.31% Belgium(+) 2.26% Serbia(+) 1.89% Egypt(+) 1.55% Slovakia(+) 1.51%(2018)[23],$46.92 billion (31 December 2017 est.)[16] Abroad: $5.868 billion (31 December 2017 est.)[16],$2.562 billion (2017 est.)[16],$42.06 billion (31 December 2017 est.)[16],20.4% of GDP (2019)[24] BGN 24.205 billion (2019)[24],BGN 2.5 billion surplus (2019)[24]+2.1% of GDP (2019)[24],38.4% of GDP (2019)[24],36.3% of GDP (2019)[24],Standard & Poor's:[25] BBB (Domestic) BBB (Foreign) A- (T&C Assessment)Scope:[26] BBB+Outlook: Stable,$28.38 billion (31 December 2017 est.)[16],"EU, WTO and BSEC",,"3,283,797 (2019)[14] 72.4% employment rate (Target: 76%; 2018)[15]",agriculture: 6.8%industry: 26.6%services: 66.6%(2016 est.)[16],,$475 million (2004-06),"BGN 1,468 / €751 / $915 monthly (December, 2020)",,,"BGN 1,139 / €583 / $710 monthly (December, 2020)",
93,Serbia,6926705,0.0881%,26183,51.9%,2019,"26548
","2019
", European Union," European Union
",,,"15,249","2,272
","Serbian dinar (RSD, дин)",Calendar year,,Developing/Emerging[1]Upper-middle income economy[2],"$62.870 billion (nominal, 2021)[4] $146.049 billion (PPP, 2021 est.)[5]","84th (nominal, 2019)78th (PPP, 2020)",4.4% (2018) 4.2% (2019)−0.9% (2020) 6% (2021e)[6],"$9,076 (nominal, 2021 est.)[5] $21,084 (PPP, 2021 est.)[5]","75th (nominal, 2020)66th (PPP, 2020)",services: 67.9%industry: 26.1%agriculture: 6.0%(2017)[7],,1.9% (2021 est.)[5],"7.1% (2018)[8] 31.7% at risk of poverty or social exclusion (Eurostat, 2019)[9]","33.3 medium (2019, Eurostat)[10]",0.806 very high (2019)[11] (64th) 0.705 high IHDI (2019)[12],,,"9.0% (Q3, 2020)[16] 222,900 unemployed (Q2, 2020)[14] 20.7% youth unemployment (Q2, 2020)[17]","motor vehicle, base metals, food processing, machinery, chemicals, tires, pharmaceuticals","44th (very easy, 2020)[20]","motor vehicles ($2.42bn), electrical machines ($2.033bn), non-ferrous metals ($2.005bn), rubber and plastics products ($1.670bn), chemicals and chemical products ($1.193bn)",Germany(+) 12.6% Italy(+) 10.1% Bosnia and Herzegovina(+) 7.7% Romania(+) 5.9% Russia(+) 5.0% Montenegro(+) 4.5% Hungary(+) 4.2% North Macedonia(+) 3.8% Czech Republic(+) 3.3% Slovenia(+) 3.3%(2019)[22],"chemicals and chemical products ($2.408bn), general purpose machinery ($2.100bn), petroleum and natural gas ($1.977bn), motor vehicles ($1.818bn), basic metals ($1.740bn),",Germany(+) 12.9% Russia(+) 9.7% China(-) 9.4% Italy(+) 8.7% Hungary(+) 4.3% Turkey(+) 4.0% Poland(+) 3.4% Romania(+) 3.1% France(+) 2.9% Austria(+) 2.8%(2019)[22],$39.833 billion (2018 est.)[citation needed] Abroad: NA,−$2.354 billion (2017 est.)[23],$24.5 billion (30 November 2019 est.),52.9% of GDP (2021)[24],+0.2% (of GDP) (2017 est.)[23],17.69 billion (2017 est.)[23][note 1],17.59 billion (2017 est.)[23],Standard & Poor's:[27]BB (Domestic)BB (Foreign)BB (T&C Assessment)Outlook: Stable[27]Moody's:[27]Ba2 (Domestic)B1 (Foreign)Outlook: Positive[27]Fitch: BB+[28]Outlook: Positive[27][29],$14.02 billion (June 2019)[30],"CEFTA, BSEC, Mini Schengen Zone",,"3,168,494 (2019)[13] 49.9% employment rate (Q3, 2020)[14]",services: 56.0%industry: 28.1%agriculture: 15.9%(2018)[15],,€2.6 billion of EU IPA (2001–2014)[25]€1.5 billion of EU IPA (2014–2020)[26],"RSD 90,849 | €773 | $951 monthly (Dec 2020)[18]",,,"RSD 66,092 | €562 | $692 monthly (Dec 2020)[19]",
94,Lebanon,6769000,0.0861%,19140,21.7%,2018,"14233
","2019
", Saudi Arabia," European Union
",,,,,Lebanese pound (LBP),Calendar,,Developing/Emerging[1]Upper-middle income economy[2],"$56.372 billion (nominal, 2018 est.)[4] $84.288 billion (PPP, 2019 est.)[5]",,−1.9% (2018) −5.6% (2019e)−10.9% (2020f) −6.3% (2021f)[6],"$9,251 (nominal, 2018 est.)[4] $14,689 (PPP, 2018 est.)[4]",,agriculture: 3.9%industry: 13.1%services: 83%(2017 est.)[7],,17.0% (2020 est.)[5],27.4% (2012)[8]2% on less than $5.50/day (2011)[9],31.8 medium (2011)[10],0.730 high (2018)[11] (80th)N/A IHDI (2018)[12],,,6.2% (2019)[16],"banking, tourism, real estate and construction, food processing, wine, jewelry, cement, textiles, mineral and chemical products, wood and furniture products, oil refining, metal fabricating","143rd (medium, 2020)[17]","jewelry, base metals, chemicals, consumer goods, fruit and vegetables, tobacco, construction minerals, electric power machinery and switchgear, textile fibers, paper",China(-) 13% United Arab Emirates(+) 9.9% South Africa(+) 7.5% Saudi Arabia(+) 6.5% Syria(+) 6.5% Iraq(+) 5.8% Turkey(+) 4.6%(2017)[7],"petroleum products, cars, medicinal products, clothing, meat and live animals, consumer goods, paper, textile fabrics, tobacco, electrical machinery and equipment, chemicals",China(-) 10.2% Italy(+) 8.9% Greece(+) 7% Germany(+) 6.6% United States(+) 6.3% Turkey(+) 4.5% Egypt(+) 4.2%(2017)[7],$61.02 billion (2016)[7] Abroad: $13.46 billion (2016)[7],−$12.37 billion (2017 est.)[7],$33.1 billion (December 2018)[18],"US$74.5 billion[19][20] (Sep 2018), 140% of GDP (2018)",−6.9% (of GDP) (2017 est.)[7],11.62 billion (2017 est.)[7],15.38 billion (2017 est.)[7],Standard & Poor's:[21]B-Outlook: NegativeMoody's:[22]COutlook: Not assignedFitch:[23]CCCOutlook: N/A,$55.42 billion (31 December 2017 est.)[7],CAEU,,"2,399,073 (2019)[13]in addition, there are as many as 1 million foreign workers[7]39.5% employment rate (2007)[14]",agriculture: 11.94%industry: 22.3%services: 65.76% (2019)[15],,recipient $5.4 billion (2014 est.),,,,,
95,Kyrgyzstan,6645500,0.0845%,2734,37.4%,2018,"4903
","2019
",  Switzerland," China
",,,"1,000","169
",Kyrgyz som (KGS),Calendar year,,Developing/Emerging[1]Lower-middle income economy[2],"$8.3 billion (nominal, 2019 est.)[4] $26 billion (PPP, 2019 est.)[5]","142nd (nominal, 2019)138th (PPP, 2020)",3.8% (2018) 4.5% (2019e)−4.0% (2020f) 5.6% (2021f)[6],"$1,293 (nominal, 2019 est.)[4] $4,056 (PPP, 2019 est.)[4]","155th (nominal, 2019)144th (PPP, 2019)",Agriculture: 14.6%Industry: 31.2%Services: 54.2%(2017 est.)[7],,10.6% (2020 est.)[5],22.4% below poverty line (2018)[8] 19.1% on less than $3.20/day (2020f)[9],"27.7 low (2018, World Bank)[10]",0.674 medium (2018)[11] (122nd) 0.610 medium IHDI (2018)[12],,,6.2% (2018)[15] 14.2% youth unemployment (2018)[16],"small machinery, textiles, food processing, cement, shoes, lumber, refrigerators, furniture, electric motors, gold, rare earth metals","80th (easy, 2020)[17]",Agricultural products 11.3%Fuels and mining products 9.5%Manufacturers 22.7%Others 56.5%[18],Switzerland(+) 27.4% Kazakhstan(+) 16.5% Russia(+) 14.7% European Union(+) 13.8% Uzbekistan(+) 8.2%Other 19.4%[18],Agricultural products 13.4%Fuels and mining products 10.8%Manufacturers 69.7%Others 6.1%[18],China(-) 33.4% Russia(+) 26.4% Kazakhstan(+) 13.1% European Union(+) 6.7% Turkey(+) 5.0%Other 15.5%[18],$6.003 billion (31 December 2017 est.)[7] Abroad: $709.3 million (31 December 2017 est.)[7],−$306 million (2017 est.)[7],$8.164 billion (31 December 2017 est.)[7],56% of GDP (2017 est.)[7],−3.2% (of GDP) (2017 est.)[7],2.169 billion (2017 est.)[7],2.409 billion (2017 est.)[7],,$2.177 billion (31 December 2017 est.)[7],"WTO, CIS, EAEU, ECO, SCO, CISFTA",,"2,635,977 (2020)[13] 56.1% employment rate (2018)[14]",Agriculture: 48%Industry: 12.5%Services: 39.5%(2005 est.)[7],,$50 million from the US (2001),,,,,
96,Nicaragua,6527691,0.0830%,5512,45.1%,2018,"6985
","2019
", United States," United States
",,,,,"Nicaraguan córdoba (NIO, C$)",Calendar year,"WTO, CAFTA-DR",Developing/Emerging[1]Lower-middle income economy[2],"$13.118 billion (nominal, 2018)[4] $35.726 billion (PPP, 2018)[4]","130th (nominal, 2018)115th (PPP, 2018)",−4.0% (2018) −3.9% (2019e)−6.3% (2020f) 0.7% (2021f)[5],"$2,031 (nominal, 2018 est.)[4] $5,530 (PPP, 2018 est.)[4]","138th (nominal, 2018)132nd (PPP, 2018)",agriculture: 15.5%industry: 24.4%services: 60%(2017 est.)[3],,4.965% (2018)[4],29.6% (2015 est.)[3],"46.2 high (2014, World Bank)[6]",0.651 medium (2018)[7] (126th)0.501 low IHDI (2018)[8],"3,065,732 (2019)[9] 62.0% (2014)[10]",agriculture: 31%industry: 18%services: 50%(2011 est.)[3],6.4% (2017 est.); underemployment was 46.5% in 2008[3],"food processing, chemicals, machinery and metal products, knit and woven apparel, petroleum refining and distribution, beverages, footwear, wood, electric wire harness manufacturing, mining","142nd (medium, 2020)[11]","coffee, beef, gold, sugar, peanuts, shrimp and lobster, tobacco, cigars, automobile wiring harnesses, textiles, apparel",United States 44.2% El Salvador 6.4% Venezuela 5.5% Costa Rica 5.5% Angola 4%(2017)[3],"consumer goods, machinery and equipment, raw materials, petroleum products",United States 20.8% China 14.3% Mexico 11.1% Costa Rica 7.9% Guatemala 7% El Salvador 5.6%(2017)[3],N/A Abroad: N/A,−$694 million (2017 est.)[3],$11.31 billion (31 December 2017 est.)[3],33.3% of GDP (2017 est.)[3][note 1],−2% (of GDP) (2017 est.)[3],3.871 billion (2017 est.)[3],4.15 billion (2017 est.)[3],,$2.758 billion (31 December 2017 est.)[3],,,,,,,,,,,
97,Turkmenistan,6118000,0.0778%,,,,"2693
","2019
", China," Turkey
","67,000","2012 est.
","184,579","42,549
",Turkmenistan manat (TMT),Calendar year,,,"$47.986 billion  (nominal, 2020 est.)[1] $99.323 billion (PPP, 2020 est.)[1]","84th (PPP, 2016)",6.2% (2018) 6.3% (2019)1.8% (2020e) 4.0% (2021f)[2][1],"$8,073 (nominal, 2020 est.)[1] $16,711 (PPP, 2020 est.)[1]",,"agriculture (12.7%), industry (50.1%), services (37.7%) (2018 est.)",,8% (2020)[1],0.2% (2018 est.),,0.710 high (2018)[3] (108th)0.579 IHDI (2018)[4],,,15% (2020 est.),"natural gas, oil, petroleum products, textiles, food processing",,"gas, crude oil, petrochemicals, textiles, cotton fiber",China 72.5%   Iran 5.6%   Italy 5.3%   Afghanistan 4.5%  Russia 4.1%(2016) [5],"machinery and equipment, chemicals, foodstuffs",Russia 26.4%   Iran 10.5%   Japan 8.6%   Germany 8.2%   South Korea 7.8%   China 7.2%   Italy 5.2% (2016)[6],,,$5 billion (2021)[7],,,$9.047 billion  (2019 est.),$10.659 billion (2019 est.),,$40.06 billion (31 December 2018 est.)[9],"CIS, ECO",,2.405 million (2018 est.),"agriculture (44.2%), industry (15%), services (40.8%)  (2018 est.)",,$4.3 million from the US (As of 2021[update])[8],,,,,
98,Denmark,5840045,0.0743%,194853,55.9%,2019,"97196
","2019
", European Union," European Union
","155,200","2010 est.
","71,339","24,369
","Danish krone (DKK, kr)",calendar year,,Developed/Advanced[1]High-income economy[2],"$340 billion (nominal, 2020)[4] $336 billion (PPP, 2020)[4]","36th (nominal, 2020)51st (PPP, 2020)",2.4% (2018) 2.3% (2019)−4.5% (2020e) 3.5% (2021e)[4],"$58,439 (nominal, 2020)[4] $57,781 (PPP, 2020)[4]","7th (nominal, 2020)10th (PPP, 2020)",agriculture: 1.6%mining and quarrying: 1.2%industry: 14.4%utilities and construction: 7.7%services: 75.2% (2017)[5],,0.4% (2020 est.)[4]0.7% (2019)[4]0.7% (2018)[4],"5.8% in poverty (2016)[6] 16.5% at risk of poverty or social exclusion (AROPE, 2019)[7]","27.5 low (2019, Eurostat)[8]",0.940 very high (2019)[9] (10th) 0.883 very high IHDI (2019)[10],,,6.1% (August 2020)[14] 12.2% youth unemployment (15 to 24 year-olds; July 2020)[15],"wind turbines, pharmaceuticals, medical equipment, shipbuilding and refurbishment, iron, steel, nonferrous metals, chemicals, food processing, machinery and transportation equipment, textiles and clothing, electronics, construction, furniture and other wood products","4th (very easy, 2020)[16]","wind turbines, pharmaceuticals, machinery and instruments, meat and meat products, dairy products, fish, furniture and design",Germany(+) 15.5% Sweden(+) 11.6% United Kingdom(+) 8.2% United States(+) 7.5% Norway(+) 6.0% China(-) 4.4% (2017)[17],"machinery and equipment, raw materials and semimanufactures for industry, chemicals, grain and foodstuffs, consumer goods",Germany(+) 21.3% Sweden(+) 11.9% Netherlands(+) 7.8% China(-) 7.1% Norway(+) 6.3% Poland(+) 4.0% (2017)[17],$188.7 billion (31 December 2017 est.)[17] Abroad: $287.9 billion (31 December 2017 est.)[17],$24.82 billion (2017 est.)[17],$484.8 billion (31 March 2016 est.)[17],33.2% of GDP (2019)[19] DKK 770.832 billion (2019)[19],DKK 84.9 billion surplus (2019)[19]+3.7% of GDP (2019)[19],53.3% of GDP (2019)[19],49.6% of GDP (2019)[19],Standard & Poor's:[21][22]AAA (Domestic)AAA (Foreign)AAA (T&C Assessment)Scope:[23]AAAOutlook: Stable,$75.25 billion (31 December 2017 est.)[17],"EU, WTO, OECD and others",,"3,009,405 (2019)[11] 77.5% employment rate (Target: 80%; 2018)[12]",agriculture: 2.4%mining and quarrying: 0.1%industry: 10.7%utilities and construction: 6.7%services: 79.9% (2017)[13],64.6% of GDP (1 July 2018)[18],"ODA, 0.72% of GNI (2017)[20]","DKK 38,596 / €5,179 / $5,819 monthly (2017)",,,"DKK 24,315 / €3,263 / $3,666 monthly (2017)",
99,Singapore,5685807,0.0723%,645612,173.5%,2019,"359008
","2019
", China," China
",,,,,Singapore dollar (SGD/S$),1 April – 31 March,,Developed/Advanced[1] High-income economy[2],"$379.071 billion (nominal, 2021 est.)[4] $617.987 billion (PPP, 2021 est.)[5]","38th (nominal, 2020)37th (PPP, 2020)",3.4% (2018) 0.7% (2019)−3.5% (2020e) 5.5% (2021e)[6],"$64,217 (nominal, 2021 est.)[4] $104,691 (PPP, 2021 est.)[4]",,agriculture: 0.5% industry: 24.8% services: 75.2%(2017 est.)[7],,1.101% (2021 est.)[4],N/A,45.9 medium (2017)[7][a],0.938 very high (2019)[8] (11th) 0.813 very high  IHDI (2019)[9],,,2.6% (2021 est.)[10],Electronicschemicalsfinancial services oil-drilling equipmentpetroleum refiningbiomedical productsscientific instrumentstelecommunications equipmentrubberfood and beveragesship repairoffshore constructionlife sciencesre-exportation,"2nd (very easy, 2020)[12]",Machinery and  equipmentElectronics and telecommunicationsPharmaceuticals and other chemicals Refined petroleum productsChemical products,Hong Kong 13.8% China 11.35% European Union 9.78% Malaysia 9.29% United States 8.6%(2018)[14],Machinery and  equipmentMineral fuelsChemicalsFoodstuffsConsumer goods,China 15.47% European Union 16.8% Malaysia 11.04% United States 10.17% Japan 7.25%(2018)[14],$1.285 trillion (31 December 2017 est.)[7] Abroad: $841.4 billion (31 December 2017 est.)[7],$60.99 billion (2017 est.)[7],$566.1 billion (31 December 2017 est.)[b][7],111.1% of GDP (2017 est.)[c][7],,S$69.45 billion (2017 est.)[16],S$75.07 billion (2017 est.)[16],Standard & Poor's:[17]AAA (Domestic)AAA (Foreign)AAA (T&C Assessment)Outlook: Stable[18]Moody's:[18]AaaOutlook: StableFitch:[18]AAAOutlook: Stable,$462.304 billion (31 December 2020 est.)[19],"WTO, APEC, CPTPP, IOR-ARC, RCEP, ASEAN and others",,"3,843,513 (2021)[10] 65.1% employment rate (2018)[11]",agriculture: 0.7%industry: 25.6%services: 73.7%(2017 est.)[7]excludes non-residents,S$738.811 billion (Q1 2015)[15],N/A,,,,,
100,Congo,5657000,0.0720%,,,,"2242
","2019
", China," European Union
","290,000","2011 est.
","282,541","60,168
",,,,,,,,,,,,,,,,,,,,,,,,,,,,,,,,,,,,,,,,,,,,
101,Finland,5508198,0.0701%,107421,40%,2019,"73506
","2019
", European Union," European Union
",,,,,"Euro (EUR, €)",calendar year,,Developed/Advanced[1]High-income economy[2],"$268 billion (nominal, 2020 est.)[4] $273 billion (PPP, 2020 est.)[4]","42nd (nominal, 2020)57th (PPP, 2020)",1.5% (2018) 1.1% (2019)−4.0% (2020e) 3.6% (2021e)[4],"$48,461 (nominal, 2020 est.)[4] $49,334 (PPP, 2020 est.)[4]","14th (nominal, 2020)19th (PPP, 2020)",agriculture: 2.7%industry: 28.2%services: 69.1%(2017 est.)[5],,0.7% (2020 est.)[4]1.1% (2019)[4]1.2% (2018)[4],"15.6% at risk of poverty or social exclusion (AROPE, 2019)[6]","26.2 low (2019, Eurostat)[7]",0.938 very high (2019)[8] (11th) 0.888 very high IHDI (2019)[9],,,8.4% (September 2020)[12] 20.6% youth unemployment rate (July 2020; 15 to 24 year-olds)[13],"metals and metal products, electronics, machinery and scientific instruments, shipbuilding, pulp and paper, foodstuffs, chemicals, textiles, clothing[5]","20th (very easy, 2020)[14]","electrical and optical equipment, machinery, transport equipment, paper and pulp, chemicals, basic metals; timber",Germany(+) 14.2% Sweden(+) 10.3% Netherlands(+) 6.9% United States(+) 6.8% China(-) 5.7% Russia(+) 5.7% United Kingdom(+) 4.5%(2017 est.)[15],"foodstuffs, petroleum and petroleum products, chemicals, transport equipment, iron and steel, machinery, computers, electronic industry products, textile yarn and fabrics, grains",Germany(+) 15.5% Russia(+) 13.2% Sweden(+) 11.0% China(-) 7.3% Netherlands(+) 5.6% France(+) 3.8%(2017 est.)[15],$135.2 billion (31 December 2017 est.)[5] Abroad: $185.6 billion (31 December 2017 est.)[5],$1.806 billion (2017 est.)[5],$150.6 billion (31 December 2016 est.)[5],59.4% of GDP (2019)[16] €142.507 billion (2019)[16],€2.7 billion deficit (2019)[16]−1.1% of GDP (2019)[16],52.2% of GDP (2019)[16],53.3% of GDP (2019)[16],AAA (Domestic)AAA (Foreign)AA+ (T&C Assessment)(Standard & Poor's)[17]Scope:[18]AA+Outlook: Stable,$10.51 billion (31 December 2017 est.)[5],"EU, WTO and OECD",,"2,739,091 (2019)[10] 76.3% employment rate (Target: 78%; 2018)[11]","Agriculture and forestry 1.4%Industry 10.5%Construction 10.1%Commerce 21.3%Finance, insurance, and business services 20.3%Transport and communications 14.9%Public services 21.5%(2017 est.)",,"donor: ODA, $1 billion (2007)","€3,380 / $3,851 monthly (Q2, 2016)",,,"€2,509 / $2,858 monthly (Q2, 2016)",
102,Slovakia,5459781,0.0695%,99209,93.1%,2019,"90979
","2019
", European Union," European Union
",263,"2010 est.
",200,"37
","Euro (EUR, €)",Calendar year,,Developed/Advanced[1]High-income economy[2],"$102 billion (nominal, 2020 est.)[4] $176 billion (PPP, 2020 est.)[4]","61st (nominal, 2020)68th (PPP, 2020)",3.9% (2018) 2.4% (2019)−7.1% (2020e) 6.9% (2021e)[4],"$18,669 (nominal, 2020 est.)[4] $32,184 (PPP, 2020 est.)[4]","40th (nominal, 2020)42nd (PPP, 2020)",agriculture: 3.8%industry: 35%services: 61.2%(2017 est.)[5],,1.5% (2020 est.)[4]2.8% (2019)[4]2.5% (2018)[4],"12.6% (2013)[6] 16.3% at risk of poverty or social exclusion (AROPE, 2018)[7]","20.9 low (2018, Eurostat)[8]",0.860 very high (2019)[9] (39th) 0.807 very high IHDI (2019)[10],,,6.8% (August 2020)[13] 19.8% youth unemployment (15 to 24 year-olds; July 2020)[14],"automobiles; metal and metal products; electricity, gas, coke, oil, nuclear fuel; chemicals, synthetic fibers, wood and paper products; machinery; earthenware and ceramics; textiles; electrical and optical apparatus; rubber products; food and beverages; pharmaceutical","45th (very easy, 2020)[15]","vehicles and related parts 27%, machinery and electrical equipment 20%, nuclear reactors and furnaces 12%, iron and steel 4%, mineral oils and fuels 5% (2015 est.)",Germany(+) 20.7% Czech Republic(+) 11.6% Poland(+) 7.7% France(+) 6.3% Italy(+) 6.1% United Kingdom(+) 6.0% Hungary(+) 6.0% Austria(+) 6.0%(2017)[5],"machinery and electrical equipment 20%, vehicles and related parts 14%, nuclear reactors and furnaces 12%, fuel and mineral oils 9% (2015 est.)",Germany(+) 19.1% Czech Republic(+) 16.3% Austria(+) 10.3% Poland(+) 6.5% Hungary(+) 6.4% South Korea(+) 4.5% Russia(+) 4.5% France(+) 4.3% China(-) 4.2%(2017)[5],$69.92 billion (31 December 2017 est.)[5] Abroad: $21.29 billion (31 December 2017 est.)[5],−$2.005 billion (2017 est.)[5],$75.04 billion (31 March 2016 est.)[5],48.0% of GDP (2019)[16] €45.202 billion (2019)[16],€1.2 billion deficit (2019)[16]−1.3% of GDP (2019)[16],41.5% of GDP (2019)[16],42.8% of GDP (2019)[16],Standard & Poor's:[17]A+ (Domestic)A+ (Foreign)AAA (T&C Assessment)Outlook: Stable[18]Moody's:[18]A1Outlook: StableFitch:[18]A+Outlook: StableScope:[19]A+Outlook: Negative,$3.622 billion (31 December 2017 est.)[5],"EU, WTO, OECD",,"2,736,717 (2019)[11] 72.4% employment rate (Target: 72%; 2018)[12]",agriculture: 3.9%industry: 22.7%services: 73.4%(2015)[5],,$235 million in available EU structural adjustment and cohesion funds (2004),"€1,614 / $1,965 monthly (December, 2019)",,,"€1,307 / $1,591 monthly (April, 2019)",
103,Norway,5391369,0.0686%,147268,36.9%,2019,"85927
","2019
", European Union," European Union
","1,254,920","2018
","1,712,937","313,661
","Norwegian krone (NOK, kr)",Calendar year,,Developed/Advanced[1]High-income economy[2],$366 billion (nominal; 2020 est.)[4] $349 billion (PPP; 2020 est.)[5],33rd (nominal; 2020)49th (PPP; 2020),1.3% (2018) 1.2% (2019e)−6.3% (2020e) 2.9% (2021e)[5],"$67,989 (nominal; 2020 est.)[4] $64,856 (PPP; 2020 est.)[4]",4th (nominal; 2020)6th (PPP; 2020),agriculture: 1.6%industry: 34.7%services: 63.5%(2016 est.)[6],,2.4% (2020 est.)[5],"NA[6] 16.2% at risk of poverty or social exclusion (AROPE, 2018)[7]","24.8 low (2018, Eurostat)[8]",0.957 very high (2019)[9] (1st) 0.899 very high IHDI (2019)[10],,,5.2% (July 2020)[12] 12.8% youth unemployment (15 to 24 year-olds; June 2020)[13] 129 thousand unemployed (Q2 2020)[11],Petroleumnatural gasshippingfishingaquaculturefood processingshipbuildingpulp and papermetalschemicalstimberminingtextiles,"9th (very easy, 2020)[14]","petroleum and petroleum products, machinery and equipment, metals, chemicals, ships, fish",United Kingdom 21.1% Germany 15.5% Netherlands 9.9% Sweden 6.6% France 6.4% Belgium 4.8% Denmark 4.7% United States 4.6%(2017)[6],"machinery and equipment, chemicals, metals, foodstuffs",Sweden 11.4% Germany 11% China 9.8% United States 6.8% South Korea 6.7% Denmark 5.4% United Kingdom 4.7%(2017)[6],$236.5 billion (31 December 2017 est.)[6] Abroad: $196.3 billion (31 December 2017 est.)[6],$22.01 billion (2017 est.)[6],$642.3 billion (31 March 2016 est.)[6]Norway is a net external creditor,36.5% of GDP (2017 est.)[6][note 1],+4.4% (of GDP) (2017 est.)[6],217.1 billion (2017 est.)[6],199.5 billion (2017 est.)[6],Standard & Poor's:[15]AAA (Domestic)AAA (Foreign)AAA (T&C Assessment)Outlook: Stable[16]Moody's:[16]AaaOutlook: StableFitch:[16]AAAOutlook: StableScope:[17]AAAOutlook: Stable,$65.92 billion (31 December 2017 est.)[6],"OECD, WTO, EEA and others",,2.8 million (Q2 2020)[11] 66.9% employment rate (Q2 2020)[11],agriculture: 2.1%industry: 19.3%services: 78.6%(2016 est.)[6],,"$4.0 billion (donor), 1.1% of GDP (2017) [1]","NOK 45,600 / €4,713 / $5,367 monthly (2018)",,,"NOK 33,400 / €3,452 / $3,931 monthly (2018)",
104,Palestine,5227193,0.0665%,2903,19.9%,2018,"736.3
","2019
", Israel," Israel
",,,,,Israeli shekel (ILS; ₪) alongside:[1]Jordanian dinar (JOD)[1]United States dollar (USD)[1]Egyptian pound (EGP)[citation needed](see also Palestinian pound) (PSP),Calendar year,,Developing/Emerging[2]Lower-middle income economy[3],$10 billion (2012 est.),,1.2% (2017) 0.9% (2018)−2.5% (2019e) 2.1% (2020f)[5],$1924 (West Bank)$876 (Gaza)[6],,agriculture: 5.5%industry: 23.4%services: 71.1%(2014 UN data)[7],,2.7% (June 2013)[8],25.8% (2011 est.)[9],,0.690 medium (2018)[10] (119th) 0.597 medium IHDI (2018)[11],,,27.5% (Q1 2013)[14],"Cement, quarrying, textiles, soap, olive-wood carvings, mother-of-pearl souvenirs, food processing","117th (medium, 2020)[15]","Olives, fruit, vegetables, limestone, citrus, flowers, textiles",,"Food, consumer goods, construction materials",,,,,$4.2 billion (June 2013)[17],$1.3 billion (13% of GDP; 2012 est.)[18],$2.2 billion (2012 est.),$3.54 billion (2012)[18],,$464 million (march 2016)[19][20] (163nd),"OIC, Group of 77",,"1,316,023 (2019)[12] 32.0% employment rate (2018)[13]",Agriculture: 12%Industry: 23%Services: 65%(2008 est.),,,,,,,
105,Ireland,4977400,0.0633%,492706,126.8%,2019,"98500
","2019
", European Union," European Union
","1,858","2010 est.
",,,,,,,,,,,,,,,,,,,,,,,,,,,,,,,,,,,,,,,,,,,,,,
106,Liberia,4661010,0.0593%,527,28.7%,2018,"12242
","2019
", European Union," Singapore
",,,,,,,"AU, AfCFTA (signed), African Development Bank, ECOWAS, MRU, WAMZ, WTO, Group of 77",Least Developed[1]Low-income economy[2],"$3.222 billion (nominal, 2019 est.)[4] $6.471 billion (PPP, 2019 est.)[4]","158th (nominal, 2019)159th (PPP, 2019)",2.5% (2017) 1.2% (2018)−1.4% (2019e) 1.4% (2020f)[5],"$704 (nominal, 2019 est.)[4] $1,414 (PPP, 2019 est.)[4]","174th (nominal, 2019)178th (PPP, 2019)",agriculture: 34%industry 13.8%services 52.2%(2017 est.)[3],,20.5% (2020 est.)[4],54.1% (2014 est.)[3]40.9% on less than $1.90/day (2016)[6],35.3 medium (2016)[7],0.465 low (2018)[8] (176th)0.314 low IHDI (2018)[9],"1,639,258 (2019)[10] 74.6% employment rate (2016)[11]",agriculture: 70%industry: 8%services: 22%(2000 est.)[3],2.8% (2014 est.)[12],"mining (iron ore and gold), rubber processing, palm oil processing, diamonds","175th (below average, 2020)[13]","rubber, timber, iron, diamonds, cocoa, coffee[3]",Germany 36.2%  Switzerland 14.2% United Arab Emirates 8.8% United States 6.8% Indonesia 4.7%(2017)[3],"fuels, chemicals, machinery, transportation equipment, manufactured goods; foodstuffs[3]",Singapore 29.8% China 24.4% South Korea 17.5% Japan 9.4%(2017)[3],,−$627 million (2017 est.)[3],$1.036 billion (31 December 2017 est.)[3],34.4% of GDP (2017 est.)[3],−4.3% (of GDP) (2017 est.)[3],553.6 million (2017 est.)[3],693.8 million (2017 est.)[3],,$459.8 million (31 December 2017 est.)[3],,,,,,recipient: International multi-billion dollar debt relief and development aid,,,,,
107,Oman,4496419,0.0572%,46186,58.2%,2018,"19444
","2019
", China," United Arab Emirates
","1,000,100","2018 est.
","948,967","217,178
",Omani rial (OMR),Calendar year,,Developing/Emerging[1]High-income economy[2],"$79.277 billion (nominal, 2018)[3] $200.314 billion (PPP, 2018)[3]","67th (nominal, 2019)64th (PPP, 2019)",1.8% (2018) 0.5% (2019e)−3.5% (2020f) 2.7% (2021f)[4],"$18,970 (nominal, 2018)[3] $47,933 (PPP, 2018)[3]","41st (nominal, 2018)23rd (PPP, 2018)",agriculture 1.7%  industry 45.2%  services 53% (2017 est.)[5],,0.900% (2018)[3],NA%,30.72 (2010)[6],0.813 very high (2019)[7] (60th) 0.706 high IHDI (2019)[8],,,3.0% (Dec 2017)[10],"crude oil production and refining, natural and liquefied natural gas (LNG) production; construction, cement, copper, steel, chemicals, optic fiber","68th (easy, 2020)[11]","petroleum, reexports, fish, metals, textiles",China 31.9%   Japan 12.9%   United Arab Emirates 10.1%   South Korea 10.0%   Thailand 4.4%   Singapore 4.4% (2012 est.)[13],"machinery and transport equipment, manufactured goods, food, livestock, lubricants",United Arab Emirates 23.6%   Japan 12.6%   India 8.5%   China 6.4%   United States 6.1%   United Kingdom 5.1%  Italy 4.8% (2012 est.)[14],NA[5] Abroad: NA[5],−$10.76 billion (2017 est.)[5],$46.27 billion (31 December 2017 est.)[5],$7.27 billion (2019 est.)[5],,$27.02 billion (2019 est.)[5],$35.41 billion (2019 est.)[5],Standard & Poor's:[15]B+ (T&C Assessment)Outlook: Stable[16]Moody's:[16]Ba3Outlook: negativeFitch:[16]BB-Outlook: negative,,WTO,,"2,787,190 (2019)[9]",,,,,,1 USD ≈ 0.3845 OMR,,
108,Kuwait,4464521,0.0568%,85199,56.7%,2018,"23371
","2019
", South Korea," European Union
","2,050,030","2018
","2,625,145","721,575
",Kuwaiti dinar (KWD),1 April – 31 March,,Developing/Emerging[1]High-income economy[2],"$108.656 billion (nominal, 2020 est.)[3] $203.786 billion (PPP, 2020 est.)[3]",,1.2% (2018) 0.7% (2019e)0.0% (2020f) 1.6% (2021f)[4],"$22,252 (nominal, 2020 est.)[3] $41,735 (PPP, 2020 est.)[3]",,"agriculture (0.4%), industry (58.7%), services (40.9%) (2017 est.)[5]",,0.579% (2018)[3],,,,,,2.1% (2017 est.)[5],"petroleum, petrochemicals, cement, shipbuilding and repair, desalination, food processing, construction materials","83rd (easy, 2020)[6]","oil and refined products, acyclic alcohols, motor cars and other motor vehicles, lightvessels, floating cranes, floating docks, dredgers[7]",India(+) 1.6%   China(+) 1.3%   UAE(+) 1.1%   Iraq(+) 0.9%   Saudi Arabia(+) 0.8% (2020 est.)[7],"food, construction materials, vehicles and parts, clothing",China(-) 16.7%   United States(+) 8.7%   UAE(+) 8.6%   Japan(+) 5.9% (2020 est.)[7],,,$48.91 billion (31 December 2017 est.)[5],$18.40 billion (2019 est.)[8],,$41.7 billion (2019 est.)[5],$69.33 billion (2019 est.)[5],Standard & Poor's:[9]AA- (Domestic)AA- (Foreign)AA+ (T&C Assessment)Outlook: Stable[10]Moody's:[10]Aa2Outlook: StableFitch:[10]AAOutlook: Stable,,WTO and OPEC,,,,,N/A,,,,,
109,Panama,4278500,0.0544%,28312,42.5%,2019,"41829
","2019
", European Union," United States
",,,,,"Panamanian balboa (PAB, B/.)U.S. Dollar (USD, $)",Calendar year,"WTO, SICA",Developing/Emerging[1]High-income economy[2],"$68.536 billion (nominal, 2019 est.)[4] $113.156 billion (PPP, 2019 est.)[4]","70th (nominal, 2019)80th (PPP, 2019)",3.7% (2018) 3.0% (2019e)−2.0% (2020f) 4.2% (2021f)[5],"$16,245 (nominal, 2019 est.)[4] $26,822 (PPP, 2019 est.)[4]","52nd (nominal, 2019)56th (PPP, 2019)",agriculture: 2.4%industry: 15.7%services: 82%(2017 est.)[6],,1.5% (2020 est.)[4],22.1% (2016)[7],49.2 high (2018)[8],0.815 very high (2019)[9] (57th) 0.643 medium IHDI (2019)[10],"2,063,132 (2019)[11] 61.5% employment rate (2018)[12]shortage of skilled labor, but an oversupply of unskilled labor[6]",agriculture: 17%industry: 18.6%services: 64.4% (2009 est.)[6],6% (2017 est.)[6],"construction, brewing, cement and other construction materials, sugar milling","86th (easy, 2020)[13]","fruit and nuts, fish, iron and steel waste, wood",United States 18.9% Netherlands 16.6% China 6.5% Costa Rica 5.4% India 5.1% Vietnam 5%(2017)[6],"fuels, machinery, vehicles, iron and steel rods, pharmaceuticals",United States 24.4% China 9.8% Mexico 4.9%(2017)[6],$56.7 billion (31 December 2017 est.)[6] Abroad: $11.38 billion (31 December 2017 est.)[6],−$3.036 billion (2017 est.)[6],$91.53 billion (31 December 2017 est.)[6],37.8% of GDP (2017 est.)[6],−1.6% (of GDP) (2017 est.)[6],12.43 billion (2017 est.)[6],13.44 billion (2017 est.)[6],Standard & Poor's:[14]BBB (Domestic)BBB (Foreign)AAA (T&C Assessment)Outlook: Stable[15]Moody's:[15]Baa2Outlook: StableFitch:[15]BBBOutlook: Positive,$2.703 billion (31 December 2017 est.)[6],,,,,,,,,,,
110,Mauritania,4271197,0.0543%,2062,41.8%,2018,"3519
","2019
", China," European Union
","7,337","2010 est.
",,,"Ouguiya (MRU, UM)",Calendar Year,,,"$5.237 billion (nominal, 2018 est.)[1] $18.254 billion (PPP, 2018 est.)[1]",,2.0% (2016) 3.0% (2017)3.6% (2018e) 6.7% (2019f)[2],"$1,319 (nominal, 2018 est.)[1] $4,598 (PPP, 2018 est.)[1]",,agriculture (14.9%)  industry (48.0%)  services (37.1%) (2012 est.),,3.053% (2018 est.)[1],40% (2004 est.),39 (2000),0.527 low (2018)[3] (161st)0.358 IHDI (2018)[4],,,30% (2008 est.),"mining (iron ore, gold, copper, gypsum), petroleum, fish processing","152nd (below average, 2020)[5]","iron ore, petroleum, gold, copper, gypsum, fish",China 48.6%   Italy 7.5%   Japan 7.0%   Côte d'Ivoire 6.7%   France 4.7%   Spain 4.1% (2012 est.)[6],"machinery, petroleum products, food",China 12.9%   Netherlands 10.5%   United States 7.8%   France 7.7%  Brazil 5.6%   Germany 5.5%   Spain 5.1%   Belgium 4.7% (2012 est.)[7],,,$2.897 billion (31 December 2012 est.),,,$1.143 billion (2012 est.),$1.263 billion (2012 est.),,,"AU, AfCFTA, AfDB, CEN-SAD, WTO, Group of 77",,1.318 million (2007),agriculture (50.0%)  industry (2%)  services (48%) (2001 est.),,,,,,,
111,Croatia,4047200,0.0515%,31073,51.1%,2019,"28004
","2019
", European Union," European Union
",,,"11,749","3,223
","Croatian kuna (HRK, kn)",Calendar year,,Developing/Emerging[1]High-income economy[2],"$56 billion (nominal, 2020 est.)[4] $112 billion (PPP, 2020 est.)[4]","81st (nominal, 2020 est)80th (PPP, 2020 est)",-7.0% Q4 20202.7% (2018) 2.9% (2019e)−9.3% (2020f) 5.4% (2021f)[5],"$14,033 (nominal, 2020 est.)[4] $27,681 (PPP, 2020 est.)[4] $14,936 (nominal, 2019. real) $30,140 (PPP, 2019. real)[6]","53rd (nominal, 2020 est)49th (PPP, 2020 est)",agriculture: 3.7%industry: 26.2%services: 70.1%(2017 est.)[7],Private consumption: 60.6%Public consumption: 20.0%Investments: 19.3%(2013)[8],0.3% (2020 est.)[4]0.8% (2019)[4]1.5% (2018)[4],"19.5% (2015 est.)[7]Adriatic Croatia 15.8% (2016)Continental Croatia 21.9% (2016)[9] 23.3% at risk of poverty or social exclusion (AROPE, 2019)[10]","29.2 low (2019, Eurostat)[11]",0.837 very high (2018)[12] (46th) 0.768 high IHDI (2018)[13],,,8.3% (August 2020; Eurostat)[16] 23.8% youth unemployment (2018)[17],"chemicals and plastics, machine tools, fabricated metal, electronics, pig iron and rolled steel products, aluminium, paper, wood products, construction materials, textiles, shipbuilding, petroleum and petroleum refining, food and beverages, tourism","51st (very easy, 2020)[18]","transport equipment, machinery, textiles, chemicals, foodstuffs, fuels",Italy(+) 13.4% Germany(+) 12.2% Slovenia(+) 10.6% Bosnia and Herzegovina(+) 9.8% Austria(+) 6.2% Serbia(+) 4.8%(2017)[7],"machinery, transport and electrical equipment; chemicals, fuels and lubricants; foodstuffs",Germany(+) 15.7% Italy(+) 12.9% Slovenia(+) 10.7% Hungary(+) 7.5% Austria(+) 7.5%(2017)[7],$43.71 billion (31 December 2017 est.)[7] Abroad: $8.473 billion (31 December 2017 est.)[7],$2.15 billion (2017 est.)[7],$43.3 billion (2019)[7][20][19],73.2% of GDP (2019)[21] HRK 293.020 million (2019)[21],HRK 1.6 billion surplus (2019)[21]+0.4% of GDP (2019)[21],47.5% of GDP (2019)[21],47.1% of GDP (2019)[21],Standard & Poor's:[22]BBBOutlook: Stable (2016)Scope:[23]BBB-Outlook: Stable,$18.82 billion (31 December 2017 est.)[7],"EU, WTO",,"1,790,161 (2019)[14] 65.2% employment rate (Target: 62.9%; 2018)[15]",agriculture: 1.9%industry: 27.3%services: 70.8%(2017 est.)[7],,€179.5 million (0.12% of GNI) (2007),"HRK 9,261 / €1,241 / $1,469 monthly (January 2020)",,,"HRK 6,796 / €910 / $1,078 monthly (January 2020)",
112,Georgia,3716858,0.0473%,9544,54%,2019,"9097
","2019
", European Union," European Union
",531,"2012 est.
",400,"102
",,,,,,,,,,,,,,,,,,,,,,,,,,,,,,,,,,,,,,,,,,,,
113,Eritrea,3601000,0.0458%,,,,"292.9
","2019
", China," European Union
",,,,,Eritrean nakfa (ERN),Calendar year,,,"$2.007 billion (nominal, 2018)[1] $6.219 billion (PPP, 2018)[1]",156th (nominal) / 156th (PPP),7.6% (16/17) 10.2% (17/18)7.9% (18/19e) 7.9% (19/20f)[2],"$332 (nominal, 2018 est.)[1] $1,028 (PPP, 2018)[1]",,"agriculture (11.7%), industry (29.6%), services (58.7%) (2017 est.)",,−14.401% (2018)[1],50% (2004 est.),,,,,,"beverages, cement, clothing and textiles, food processing, light manufacturing, salt","189th (below average, 2020)[3]","food, livestock, small manufactures, sorghum, textiles",Italy 30.5% Sudan 24% Saudi Arabia 8.8% China 8.5% UK 5.7% Egypt 4.8%(2008 est.),"machinery, petroleum products, food, manufactured goods",Saudi Arabia 15.7% Egypt 11.9% China 11.1% India 8.9% Russia 7.2% South Africa 6.5% Brazil 5.9% South Korea 4.3%(2008 est.),,,$1.026 billion (31 December 2012 est.),118% of GDP (2012 est.),,$838.8 million (2012 est.),$1.19 billion (2012 est.),,$171.2 million (2012 est.),"AU, COMESA, AfDB",,2.71 million (2017 est.),"agriculture (80%), services and industry (20%)",,,,,,,
114,Uruguay,3554915,0.0452%,16008,21.7%,2019,"8313
","2019
", Brazil," China
",,,,,"Uruguayan peso (UYU, $U)",Calendar year,"WTO, ALADI, Mercosur, Unasur, Andean Community (associate)",Developing/Emerging[1]High-income economy[2],"$59.918 billion (nominal, 2019 est.)[4] $82.969 billion (PPP, 2019 est.)[4]","80th (nominal, 2019)92nd (PPP, 2019)",1.6% (2018) 0.2% (2019e)−5.9 (2020)[5] 4.3 (2021f)[6],"$17,029 (nominal, 2019 est.)[4] $23,581 (PPP, 2019 est.)[4]","49th (nominal, 2019)60th (PPP, 2019)",agriculture: 6.2%industry: 24.1%services: 69.7%(2017 est.)[7],,9.12% (February 2021)[8],11.6% (2020)[9],"39.7 medium (2018, World Bank)[10]",0.817 very high (2019)[11] (55th) 0.712 high IHDI (2019)[12],"1,774,616 (2020)[13] 55.2% employment rate (January 2021)[14]",agriculture: 13%industry: 14%services: 73%(2010 est.)[7],10.7% (January 2021)[14],"food processing, electrical machinery, transportation equipment, petroleum products, textiles, chemicals, beverages","101st (medium, 2020)[15]","beef, soybeans, cellulose, rice, wheat, wood, dairy products, wool",China 19% Brazil 16.1% United States 5.7% Argentina 5.4%(2017)[7],"refined oil, crude oil, passenger and other transportation vehicles, vehicle parts, cellular phones",China 20% Brazil 19.5% Argentina 12.6% United States 10.9%(2017)[7],$44.84 billion (31 December 2017 est.)[7] Abroad: $19.97 billion (31 December 2017 est.)[7],$879 million (2017 est.)[7],$28.37 billion (31 December 2017 est.)[7],65.7% of GDP (2017 est.)[7][note 1],−3.5% (of GDP) (2017 est.)[7],17.66 billion (2017 est.)[7],19.72 billion (2017 est.)[7],Standard & Poor's:[16][17]BB (Domestic)BB (Foreign)BBB- (T&C Assessment)Outlook: StableMoody's:[17]Ba1Outlook: StableFitch:[17]BBOutlook: Positive,$15.96 billion (31 December 2017 est.)[7],,,,,,,,,,,
115,Mongolia,3371889,0.0429%,8416,61.3%,2019,"5610
","2019
", China," China
","5,680","2010 est.
","17,582","7,739
","Mongolian tögrög (MNT, ₮)",Calendar year,"WTO, IMF, World Bank, ADB, SCO (Observer)",Developing/Emerging[1]Lower-middle income economy[2],"$13.637 billion (nominal, 2019 est.)[4] $46.723 billion (PPP, 2019)[5]","126th (nominal, 2019)108th (PPP, 2019)",6.9% (2018) 4.8% (2019e)−0.5% (2020f) 4.9% (2021f)[6],"$4,133 (nominal, 2019 est.)[4] $14,309 (PPP, 2019 est.)[4]","110th (nominal, 2019)89th (PPP, 2019)",agriculture: 12.1%industry: 38.2%services: 49.7%(2017 est.)[7],,5.6% (2020 est.)[5],28.4% (2018)[8]5.6% on less than $3.20 (2018)[9],32.7 medium (2018)[10],0.735 high (2018)[11] (92nd)0.635 medium IHDI (2018)[12],,agriculture: 31.1%industry: 18.5%services: 50.5%(2016)[7],"6.3% (2020 est.)[5] 9.9% (Q3, 2019)[13] 16.8% youth unemployment (2018)[14]","construction and construction materials, mining (coal, copper, molybdenum, fluorspar, tin, tungsten, and gold), oil, food and beverages, processing of animal products, cashmere wool and natural fiber manufacturing","81st (easy, 2020)[15]","copper, apparel, livestock, animal products, cashmere, wool, hides, fluorspar, other nonferrous metals, coal, crude oil",China(+) 85% United Kingdom(+) 10.7%(2017)[7],"machinery and equipment, fuel, cars, food products, industrial consumer goods, chemicals, building materials, cigarettes and tobacco, appliances, soap and detergent",China(+) 32.6% Russia(+) 28.1% Japan(+) 8.4% United States(+) 4.8% South Korea(+) 4.6%(2017)[7],$18.02 billion (31 December 2017 est.)[7] Abroad: $495 million (31 December 2017 est.)[7],−$1.155 billion (2017 est.)[7],$25.33 billion (31 December 2017 est.)[7],91.4% of GDP (2017 est.)[7],−6.4% (of GDP) (2017 est.)[7],2.967 billion (2017 est.)[7],3.681 billion (2017 est.)[7],Standard & Poor's:[16]BB- (Domestic)BB- (Foreign)BB (T&C Assessment)Outlook: Stable[17]Moody's:B1Outlook: StableFitch:[17]B+Outlook: Stable,$3.016 billion (31 December 2017 est.)[7],,,,,,$185.94 million (2008),,,,,
116,Armenia,2967900,0.0378%,5274,38.5%,2019,"5053
","2019
", European Union," Russia
",,,,,Armenian dram (AMD),Calendar year,,Developing/Emerging[1]Upper-middle income economy[2],"$13.444 billion (nominal, 2019 est.)[4] $33.141 billion (PPP, 2019 est.)[5]","127th (nominal, 2019)127th (PPP, 2019)",5.2% (2018) 7.6% (2019e)−2.8% (2020f) 4.9% (2021f)[6],"$4,528 (nominal, 2019 est.)[4] $11,083 (PPP, 2019 est.)[4]","104th (nominal, 2019)104th (PPP, 2020)",agriculture: 16.7%industry: 28.2%services: 54.8%(2017 est.)[7],,0.8% (2020 est.)[5],23.5% in poverty (2018)[8] 44.1% on less than $5.50/day (2020f)[9],34.4 medium (2018)[10],0.760 high (2018)[11] (81st) 0.685 medium IHDI (2018)[12],,,19.0% (2020 est.)[5] 17.71% (2019)[15],"brandy, mining, diamond processing, metal-cutting machine tools, forging and pressing machines, electric motors, knitted wear, hosiery, shoes, silk fabric, chemicals, trucks, instruments, microelectronics, jewelry, software, food processing","47th (very easy, 2020)[16]","unwrought copper, pig iron, nonferrous metals, gold, diamonds, mineral products, foodstuffs, brandy, cigarettes, energy[7]",Russia(+) 27.6%  Switzerland(+) 14.1% Iran(+) 13.9% Bulgaria(+) 8.9% Iraq(+) 6.2% Germany(+) 5.6% Netherlands(+) 5.5% Canada(+) 4.6% China(-) 4.5% UAE(+) 3.1%(2018)[18],"natural gas, petroleum, tobacco products, foodstuffs, diamonds, pharmaceuticals, cars[7]",Russia(+) 28.1% Iran(+) 7.7% Georgia(+) 7.5% China(-) 5.4% Germany(+) 5.2%(2018)[18],$4.169 billion (2015 est.)[7] Abroad: $228 million (2015 est.)[7],−$328 million (2017 est.)[7],$10.41 billion (31 December 2017 est.)[7],53.5% of GDP (2017 est.)[7],−4.8% (of GDP) (2017 est.)[7],2.644 billion (2017 est.)[7],3.192 billion (2017 est.)[7],"Moody's:  Ba3, Outlook Stable (27 Aug 2019)[19]Fitch:  BB-, Outlook Stable (22 Nov 2019)[20]",$2.4 billion (September 2019)[21],"WTO, EAEU, CISFTA, BSEC",,"1,380,405 (2019)[13] 50.1% employment rate (2017)[14]",agriculture: 36.3%industry: 17%services: 46.7%(2013 est.)[7],,,"AMD 240,277 / €422 / $472 / RUB 30,191 monthly (December, 2017)",,,"AMD 167,711 / €294 / $329 / RUB 21,044 monthly (December, 2017)",
117,Albania,2845955,0.0362%,4815,31.5%,2019,"5434
","2019
", European Union," European Union
","23,320","2013 est.
","14,331","7,901
","Lek (ALL, L)",Calendar year,,Developing/Emerging[1]Upper-middle income economy[2],"$15.418 billion (nominal, 2019 est.)[4] $40.151 billion (PPP, 2019 est.)[4]","119th (nominal, 2019)118th (PPP, 2019)",4.1% (2018) 2.2% (2019e)−5.0% (2020f) 8.8% (2021f)[5],"$5,373 (nominal, 2019 est.)[4] $13,991 (PPP, 2019 est.)[4]","97th (nominal, 2019)93rd (PPP, 2019)",agriculture: 21.7%industry: 24.2%services: 54.1%(2017 est.)[6],,2.0% (2020 est.)[4],14.3% (2012 est.)[6][7] 36.0% on less than $5.50/day (2020f)[8],"33.2 medium (2017, World Bank)[9]",0.791 high (2018)[10] (69th) 0.705 high IHDI (2018)[11],,,12.4% (2018)[14]13.8% (2017 est.)[6]these official rates may not include those working at near-subsistence farming,"footwear, apparel and clothing; lumber, oil, cement, chemicals, mining, basic metals, Food and beverages, hydropower, auto parts","82nd (easy, 2020)[15]","apparel and clothing, footwear; asphalt, metals and metallic ores, crude oil; cement and construction materials, vegetables, fruits, tobacco, processed foods and beverages, hydropower, automotive parts",Italy(+) 52.1% Kosovo(+) 8.7% Germany(+) 5.0% Greece(+) 4.2% North Macedonia(+) 2.8%[17],"machinery and equipment, foodstuffs, textiles, chemicals",Italy(+) 27.8% Turkey(+) 8.5% China(-) 8.4% Germany(+) 8% Greece(+) 7.9[17],$6.12 billion (31 December 2016 est.)[6] Abroad: N/A,−$908 million (2017 est.)[6],$9.505 billion (31 December 2017 est.)[6],65.84% of GDP (2019)[18],−2% (of GDP) (2017 est.)[6],3.614 billion (2017 est.)[6],3.874 billion (2017 est.)[6],Standard & Poor's:[19]B1 (Stable),$3.589 billion (2018)[20]  $3.59 billion (31 December 2017 est.)[6],"WTO, BSEC, CEFTA, Mini Schengen Zone",,"1,324,517 (2019)[12]50.3% employment rate (2017)[13]",agriculture: 41.4%industry: 18.3%services: 40.3%(2017 est.)[6],,"recipient: ODA: $366 million (top donors were Italy, EU, Germany) (2003 est.)","ALL 60,650 / €478 / $536 monthly (Q3, 2017)[note 1]",,,"ALL 49,873 / €393 / $440 monthly (Q3, 2017)",
118,Lithuania,2787658,0.0355%,42326,78.1%,2019,"35612
","2019
", European Union," European Union
","2,181","2010 est.
","2,000","689
","Euro (EUR, €)",Calendar year,,Developed/Advanced[1]High-income economy[2],"$55 billion (nominal, 2020 est.)[4] $107 billion (PPP, 2020 est.)[4]","83rd (nominal, 2019)86th (PPP, 2020)",3.6% (2018) 3.9% (2019)−1.8% (2020e) 4.1% (2021e)[4],"$19,883 (nominal, 2020 est.)[4] $38,605 (PPP, 2020 est.)[4]","41st (nominal, 2019)37th (PPP, 2019)",agriculture: 3.3%industry: 28.5%services: 68.3%(2017)[5],,1.3% (2020 est.)[4]2.2% (2019)[4]2.5% (2018)[4],"21.9% – annual income below  €4,000 (2019)[6] 26.3% at risk of poverty or social exclusion (AROPE, 2019)[7]","35.4 medium (2019, Eurostat)[8]",0.869 very high (2018)[9] (34th) 0.774 high IHDI (2018)[10],,,9.6% (August 2020)[14] 23.1% youth unemployment (15 to 24 year-olds; July 2020)[15],"Petroleum refining, food processing, energy supplies, chemicals, furniture, wood products, textile and clothing[16]","11th (very easy, 2020)[17]","Refined fuel, machinery and equipment, chemicals, textiles, foodstuffs, plastics[13]",Russia(+) 15% Latvia(+) 9.9% Poland(+) 8.1% Germany(+) 7.3% United States(+) 5.3% Estonia(+) 5% Sweden(+) 4.8%(2017)[13],"Oil, natural gas, machinery and equipment, transport equipment, chemicals, textiles and clothing, metals[13]",Russia(+) 13% Germany(+) 12.3% Poland(+) 10.6% Latvia(+) 7.1% Italy(+) 5.2% Netherlands(+) 5.1% Sweden(+) 4%(2017)[13],$20.43 billion (31 December 2017 est.)[13] Abroad: $6.268 billion (31 December 2017 est.)[13],$364 million (2017 est.)[13],$34.48 billion (31 March 2016 est.)[13],36.3% of GDP (2019)[18] €17.524 billion (2019)[18],€129 million surplus (2019)[18]+0.3% of GDP (2019)[18],35.2% of GDP (2019)[18],34.9% of GDP (2019)[18],Standard & Poor's:[20]A- (Domestic)A- (Foreign)AAA (T&C Assessment)Outlook: StableMoody's:[21]A3 (long-term)(P)P-2 (short-term)Outlook: StableFitch:[22]A- (long-term)F1 (short-term)Outlook: PositiveScope:[23]A (long-term)S-1 (short-term)Outlook: Stable,€3.9 billion (October 2018)[24],"EU, WTO, OECD",,"1,439,700 (2019)[11] 77.8% employment rate (Target: 72.8%; 2018)[12]",agriculture: 9.1%industry: 25.2%services: 65.8%(2015 est.)[13],,EU structural assistance: €8.4 billion(~$10 billion) 2014–2020[19],"€1,524 / $1,852 monthly (Q4, 2020)",,,"€968 / $1,176 monthly (Q4, 2020)",
119,Jamaica,2734093,0.0348%,5806,38%,2018,"6339
","2019
", United States," United States
",,,,,"Jamaican dollar (JMD, J$)",1 April – 31 March,,Developing/Emerging[1]Upper-middle income economy[2],"$15.461 billion (nominal, 2018)[4] $27.092 billion (PPP, 2018)[4]","118th (nominal, 2019)133rd (PPP, 2019)",1.9% (2018) 0.7% (2019e)−6.2% (2020f) 2.7% (2021f)[5],"$5,582 (nominal, 2019 est.)[4] $9,473 (PPP, 2018 est.)[4]","97th (nominal, 2018)109th (PPP, 2018)",agriculture: 7.5%industry: 21.3%services: 71.2%(2017 est.)[6],,3.733% (2018)[4],17.1% (2016 est.)[7]29.7% on less than $5.50/day (2004)[8],35 medium (2016)[7],0.726 high (2018)[9] (96th)0.604 IHDI (2018)[10],,,7.8% (July 2019)[13],"tourism, bauxite/alumina, food processing, light manufactures, rum, cement, metal, paper, chemical products, telecommunications","71st (easy, 2020)[15]","alumina, bauxite, chemicals, coffee, mineral fuels, waste and scrap metals, sugar, yams",United States 39.1% Netherlands 12.3% Canada 8.4%(2017)[7],"food and other consumer goods, industrial supplies, fuel, parts and accessories of capital goods, machinery and transport equipment, construction materials",United States 40.6% Colombia 6.8% Japan 5.8% China 5.8% Trinidad and Tobago 4.7%(2017)[7],$15.03 billion (2016)[7]Abroad: $604 million (2016)[7],−$679 million (2017 est.)[7],$14.94 billion (31 December 2017 est.)[7],101% of GDP (2017 est.)[7],+0.5% (of GDP) (2017 est.)[7],4.382 billion (2017 est.)[7],4.314 billion (2017 est.)[7],Standard & Poor's:[16][17]B- (Domestic)B- (Foreign)B (T&C Assessment)Outlook: StableMoody's:[17]B3Outlook: StableFitch:[17]B-Outlook: Positive,$3.781 billion (31 December 2017 est.)[7],"CARICOM, WTO",,"1,514,936 (2019)[11] 58.2% employment rate (2018)[12]",,,recipient: $102.7 million (1995),"J$272,604 (£1,493/$2,498)[14]",,,"J$255,021 (£1,396/$2,337)",
120,Qatar,2717360,0.0346%,92015,50.2%,2019,"31725
","2019
", Japan," European Union
","1,477,213","2018
","1,530,000","500,000
","Qatari riyal (QAR, QR)",,,Developing/Emerging[1]High-income economy[2],"$147.791 billion (nominal, 2020 est.)[4] $257.464 billion (PPP, 2020 est.)[4]","54th (nominal, 2020)59th (PPP, 2020)",1.5% (2018) 1.4% (2019e)0.4% (2020f) 1.5% (2021f)[5],"$52,751 (nominal, 2020 est.)[4] $91,897 (PPP, 2020 est.)[4]","9th (nominal, 2020)3rd (PPP, 2020)",agriculture: 0.2%industry: 50.3%services: 49.5%(2017 est.),,2.2% (2020 est.)[4] 3.8% (2019f est.) [6],0%[7],,0.848 very high (2019)[8] (45th)N/A IHDI (2019)[9],,,0.6% (2017 est.),Liquefied natural gascrude oilammoniafertilizerpetrochemicalsreinforcing steelcementship repair,"77th (easy, 2020)[11]","Liquefied natural gas, Petroleum Products, Fertilizers, Steel",Japan(+) 17.3% South Korea(+) 16% India(+) 12.6% China(+) 11.2% Singapore(+) 8.2%(2017)[12],"Machinery and Transport Equipment, Food, Chemicals",United States(+) 13.7% Germany(+) 9.8% China(+) 8.6% Japan(+) 7.2% United Kingdom(+) 5.5% Italy(+) 4.8% France(+) 4.4% Netherlands(+) 3.7%(2016)[13],,,$168 billion (31 December 2017 est.)[14],56.8% of GDP (2017 est.),,$95.35 billion (2018 est.),$55.81 billion (2018 est.),Standard & Poor's:[15]AA (Domestic)AA (Foreign)AA+ (T&C Assessment)Outlook: Stable[16]Moody's:[16]Aa2Outlook: Stable,,WTO,,"2,129,330 (2019)[10]",,,,,,,,
121,Moldova,2640438,0.0336%,3651,30.5%,2019,"5223
","2019
", European Union," European Union
",,,,,Moldovan leu (MDL),Calendar year,,Developing/Emerging[1]Lower-middle income economy[2],"$11.688 billion (nominal, 2019 est.)[4] $27.282 billion (PPP, 2019 est.)[4]","136th (nominal, 2019)135th (PPP, 2019)",4.3% (2018) 3.6% (2019e)−3.1% (2020f) 4.0% (2021f)[5],"$3,300 (nominal, 2019 est.)[4] $7,703 (PPP, 2019 est.)[4]","122nd (nominal, 2019)124th (PPP, 2019)",agriculture: 17.7%industry: 20.3%services: 62%(2017 est.)[6],,3.059% (2018)[4],9.6% (2015)[7] 1.0% on less than $3.20/day (2020f)[8],25.9 low (2017)[9],0.750 high (2019)[10] (90th)0.638 medium IHDI (2018)[11],,,"4.0% (Q3, 2019)[13] 11.3% youth unemployment (Q3, 2019)[13] 37.8 thousand unemployed (Q3, 2019)[13]","food processing, agricultural machinery; foundry equipment, refrigerators and freezers, washing machines; hosiery, shoes, textiles, sugar, vegetable oil.","48th (very easy, 2020)[15]","foodstuffs, textiles, machinery",Romania 29.3% Italy 11.4% Germany 8.1% Russia 8.1% Turkey 3.9% Poland 3.6%(2018)[16],"mineral products and fuel, machinery and equipment, chemicals, textiles",Romania 14.5% Russia 12.5% China 10.4% Ukraine 10.0% Germany 8.4% Italy 6.8%(2018)[16],$3.701 billion (31 December 2017 est.)[6] Abroad: $252.7 million (31 December 2017)[6],−$602 million (2017 est.)[6],$6.549 billion (31 December 2017 est.)[6],31.5% of GDP (2017 est.)[6],−0.6% (of GDP) (2017 est.)[6],2.886 billion (2017 est.)[6],2.947 billion (2017 est.)[6],Moody's (2018):[17]B3Outlook: Stable,$2.908 billion (31 January 2019)[18],"WTO, GUAM, CEFTA, BSEC, CISFTA, EAEU (observer)",,"1,241,377 (2019)[12] 41.8% employment rate (Q3, 2019)[13]",services: 51.0%agriculture: 32.3%industry and construction: 16.7%(2017)[14],,,"MDL 7,385 / €378 / $419 monthly (Q3, 2019)",,,"MDL 6,456 / €330 / $366 monthly (Q3, 2019)",
122,Namibia,2550226,0.0324%,4524,35.8%,2019,"7715
","2019
",  Switzerland," South Africa
",,,,,Namibian dollar (NAD)South African rand (ZAR),1 April – 31 March,,Developing/Emerging[1]Upper-middle income economy[2],"$14.368 billion (nominal, 2019 est.)[4] $26.760 billion (PPP, 2019 est.)[5]","125th (nominal, 2019)134th (PPP, 2019)",0.3% (2018) −1.4% (2019e)−2.5% (2020e) 3.2 (2021e)[5],"$5,842 (nominal, 2019 est.)[4] $11,266 (PPP, 2019 est.)[4]","91st (nominal, 2019)103rd (PPP, 2018)",agriculture: 6.3%industry: 26.3%services: 67%(2016 est.)[6],,2.4% (2020 est.)[5],"17.4% (2015, World Bank)[7]","59.1 high (2015, World Bank)[8]",0.645 medium (2018)[9] (130th)0.417 low IHDI (2018)[10],,,34% (2016 est.)[6],"meatpacking, fish processing, dairy products, pasta, beverages; mining (diamonds, lead, zinc, tin, silver, tungsten, uranium, copper)","104th (medium, 2020)[13]","diamonds, copper, gold, zinc, lead, uranium; cattle, white fish and mollusks",South Africa 27.1% Botswana 14.9%  Switzerland 12% Zambia 5.7% China 4.6% Italy 4.4%(2017)[6],"foodstuffs; petroleum products and fuel, machinery and equipment, chemicals",South Africa 61.4% (2017)[6],NA[6] Abroad: NA[6],−$216 million (2019 est.)[6],$7.969 billion (31 December 2017 est.)[6],41.3% of GDP (2017 est.)[6],−5.5% (of GDP) (2017 est.)[6],4.268 billion (2017 est.)[6],5 billion (2017 est.)[6],,$2.432 billion (31 December 2017 est.)[6],"AU, AfCFTA, WTO, SADC, SACU",,"963,996 (2019)[11]46.3% employment rate (2016)[12]",agriculture: 31%industry: 14%services: 54%(2013 est.)[6][note 1],,"recipient: ODA, $160 million (2000)",,,1 ZAR = 1 NAD,,
123,Botswana,2410338,0.0307%,7341,33.6%,2018,"6558
","2019
", European Union," South Africa
",,,,,"Pula (BWP, P)",1 April - 31 March,,Developing/Emerging[1]Upper-middle income economy[2],"$18.690 billion (nominal, 2019 est.)[4] $43.907 billion (PPP, 2019 est.)[5]","114th (nominal, 2019)113th (PPP, 2019)",4.5% (2018) 3.0% (2019e)−5.4% (2020e) 6.8% (2021e)[5],"$7,859 (nominal, 2019 est.)[4] $18,558 (PPP, 2019 est.)[4]","78th (nominal, 2019)75th (PPP, 2018)",agriculture: 1.8%industry: 27.5%services: 70.6%(2017 est.)[6],,2.1% (2020 est.)[5],16.3% (2016[update])[7]60.4% on less than $5.50/day (2015)[8],53.3 high (2015)[9],0.728 high (2018)[10] (94th) N/A IHDI (2018)[11],,,17.7% (2017[update])[7],"diamonds, copper, nickel, salt, soda ash, potash, coal, iron ore, silver; beef processing; textiles","87th (easy, 2020)[14]","diamonds, copper, nickel, soda ash, beef, textiles",Belgium 20.3% India 12.6% United Arab Emirates 12.4% South Africa 11.9% Singapore 8.7% Israel 7% Hong Kong 4.1% Namibia 4.1%(2017)[6],"foodstuffs, machinery, electrical goods, transport equipment, textiles, fuel and petroleum products, wood and paper products, metal and metal products",South Africa 66.1% Canada 8.3% Israel 5.3%(2017)[6],$5.319 billion (31 December 2017 est.)[6] Abroad: $1.973 billion (31 December 2017 est.)[6],$2.146 billion (2017 est.)[6],$2.187 billion (31 December 2017 est.)[6],21.7% of GDP (2017 est.)[6][15],−1% (of GDP) (2017 est.)[6],5.305 billion (2017 est.)[6],5.478 billion (2017 est.)[6],Standard & Poor's:[16]A (Domestic)A- (Foreign)A+ (T&C Assessment),$7.491 billion (31 December 2017 est.)[6],"AU, AfCFTA (signed), SADC, SACU, WTO",,"1,107,235 (2019)[12]55.7% employment rate (2013)[13]",,,$73 million (1995[update]),,,,,
124,Gambia,2335504,0.0297%,348,21.3%,2018,"1351
","2019
", Mali," European Union
",,,,,"Dalasi (GMD, D)",1 July – 30 June,,Least Developed[1]Low-income economy[2],"$1.773 billion (nominal, 2019 est.)[4] $6.448 billion (PPP, 2019 est.)[4]","167th (nominal, 2019)160th (PPP, 2019)",4.8% (2017) 6.6% (2018)6.0% (2019e) 6.3% (2020f)[5],"$755 (nominal, 2019 est.)[4] $2,745 (PPP, 2019 est.)[4]","171st (nominal, 2019)157th (PPP, 2018)",agriculture: 33%industry: 8.7%services: 58.3%(2008 est.),,6.5% (2020 est.)[4],48.6% (2015)[6]9.7% on less than $1.90/day (2020)[7],35.9 medium (2015)[8],0.466 low (2018)[9] (174th)0.293 IHDI (2018)[10],,,8.6%,"processing peanuts, fish, and hides; tourism; beverages; agricultural machinery assembly, woodworking, metalworking; clothing","155th (below average, 2020)[13]","peanuts and peanut products, fish, cotton lint, palm kernels",China 57% India 23.2% United Kingdom 8%(2013 est.)[14],"foodstuffs, manufactures, fuel, machinery and transport equipment",China 30.8% Senegal 10.6% Brazil 9.3% India 5.5% Russia 4.5%(2013 est.)[15],N/A (2011),,$1 Billion (2005 est.),150% of GDP (2020),,D4.5 billion (2015),$D963.6 million (2015),,,"AU, AfCFTA, CEN-SAD, ECOWAS, WTO",,"781,558 (2019)[11]53.4% employment rate (2012)[12]","agriculture 75%industry, commerce, and services 19%government 6%",,$45.4 million (1995),$0.65 per man-hour (2015)[citation needed],,,,
125,Gabon,2233272,0.0284%,,,,"2163
","2019
", United States," European Union
","225,300","2010 est.
","173,634","106,528
",1 Central African CFA franc (XAF) = 100 centimes,calendar year,,Developing/Emerging[1]Upper-middle income economy[2],"$16.875 billion (nominal, 2018)[3] $37.840 billion (PPP, 2018)[3]",,2.1% (2016) 0.5% (2017)0.8% (2018e) 2.8% (2019f)[4],"$8,220 (nominal, 2018 est.)[3] $18,434 (PPP, 2018 est.)[3]",,agriculture: 4.5%; industry: 62.7%; services: 32.8% (2010 est.),,4.777% (2018)[3],33.4% (2017)[5] 32.2% on less than $5.50/day (2017)[6],,,,,27% (2012 est.),"petroleum extraction and refining; manganese, gold; chemicals, ship repair, food and beverages, textiles, lumbering and plywood, cement","169th (below average, 2020)[7]","crude oil 70%, timber, manganese, uranium",United States 15.1% China 13.7% Hong Kong 11.3% South Africa 8.6% Indonesia 7.1% Canada 6.2%(2013 est.)[8],"machinery and equipment, foodstuffs, chemicals, construction materials",France 21.8% Cameroon 16.2% Belgium 10.1% China 9.6% United States 5.5% Netherlands 5.1% (2013 est.)[9],,,$2.374 billion (31 December 2010 est.),25.8% of GDP (2010 est.),,$4.057 billion (2015 est.),$3.645 billion (2015 est.),Standard & Poor's:[10]BB- (Domestic)BB- (Foreign)BBB- (T&C Assessment),$3.202 billion (31 December 2015 est.),"AU, AfCFTA, WTO",,"712,000 (2010 est.)",agriculture: 60%; industry: 15%; services: 25% (2000 est.),,recipient: $331 million (1995),,,,,
126,Slovenia,2111461,0.0269%,45387,84.4%,2019,"44713
","2019
", European Union," European Union
",,,,,"Euro (EUR, €)",1 January – 31 December,,Developed/Advanced[1]High-income economy[2],"$52 billion (nominal, 2020 est.)[4] $80 billion (PPP, 2020 est.)[4]","82nd (nominal, 2019)97th (PPP, 2020)",4.1% (2018) 2.4% (2019)−6.7% (2020e) 5.2% (2021e)[4],"$25,039 (nominal, 2020 est.)[4] $38,506 (PPP, 2020 est.)[4]","33rd (nominal, 2019)36th (PPP, 2019)",agriculture: 1.8%industry: 32.2%services: 65.9%(2017 est.)[5],,0.5% (2020 est.)[4]1.6% (2019)[4]1.7% (2018)[4],14.4% at risk of poverty (2019)[6] 14.4% at risk of poverty or social exclusion (2019)[7],23.9 low (2019)[8],0.902 very high (2018)[9] (24th) 0.858 very high IHDI (2018)[10],,,4.7% (August 2020)[13] 11.2% youth unemployment (15 to 24 year-olds; June 2020)[14],"ferrous metallurgy and aluminum products, lead and zinc smelting; electronics (including military electronics), trucks, automobiles, electric power equipment, wood products, textiles, chemicals, pharmaceuticals, machine tools [15]","37th (very easy, 2020)[16]","manufactured goods, machinery and transport equipment, chemicals, food [15]",Germany(+) 18.0%  Switzerland(+) 12.2% Italy(+) 9.3% Croatia(+) 8.0% Austria(+) 6.4% France(+) 5.2%(2020)[17],"machinery and transport equipment, manufactured goods, chemicals, fuels and lubricants, food",Germany(+) 15.7%  Switzerland(+) 12.1% Italy(+) 11.9% Austria(+) 9.5% Croatia(+) 5.0% China(+) 4.3%(2020)[17],$19.23 billion (31 December 2017 est.)[5] Abroad: $9.914 billion (31 December 2017 est.)[5],$3.475 billion (2017 est.)[5],$46.3 billion (31 January 2017 est.)[5],66.1% of GDP (2019)[18] €31.744 billion (2019)[18],€260 million surplus (2019)[18]+0.5% of GDP (2019)[18],44.2% of GDP (2019)[18],43.7% of GDP (2019)[18],Standard & Poor's: AA- (stable)Moody's: Baa1 (Positive)Fitch: A (stable)[19]Scope: A (stable)[20],$889.9 million (31 December 2017 est.)[5],"EU, WTO, OECD",,"1,007,949 (2019)[11] 75.4% employment rate (Target: 75%; 2018)[12]",agriculture: 5.5%industry: 31.2%services: 63.3%(2017 est.)[5],,,"€1,752 / $1,995 monthly (March, 2019)",,,"€1,128 / 1,285 monthly (March, 2019)",
127,Lesotho,2007201,0.0255%,1045,43.6%,2019,"1569
","2019
", South Africa," South Africa
",,,,,Lesotho Loti,1 April - 31 March,,Least Developed[1]Low-income economy[2],$2.13 billion nominal (2010 est.)$2.73 billion (2019),,−0.4% (2017) 1.5% (2018)2.6% (2019e) 0.7% (2020f)[3],"$1,670 Purchasing Power Parity (PPP) (2011 est.)",,,,3.1% (2010 est.),"58% using national poverty line (2002/03), 37 percent using World Bank $1 a day (2002/03)[4]",,,,,24%-28%,"food, beverages, textiles and apparel, handicrafts, construction, tourism, mining",104th (2018)[5],"Garments 53% , other including diamonds 47% (2008)",US 60%   Europe 17%  SACU 19% (2007),"food, building materials, vehicles, machinery, medicines, petroleum products, inputs to the apparel industry (2010)",SACU 85%   Taiwan   Hong Kong and  China 14% (2007),,,,$647 million (33% of GDP) (31 December 2010 est.),,"$1,232 million (57% of GDP) (2009/10)","$1,168 million (2009/10)",,,"WTO, SACU, SADC",,"855,000 (2007)","agriculture: About 80% of the resident population are engaged in subsistence agriculture; roughly 20% of the formal wage earners (about 200,000) work (mainly males) in South Africa, 20% of the workers (mainly females) are in the apparel industry in Lesotho, and 20% are employed by the Government of Lesotho. The others are employed in services and other manufacturing (2008).",,,,,,,
128,Latvia,1891300,0.0241%,20434,59.9%,2019,"17739
","2019
", European Union," European Union
",,,,,"Euro (EUR, €)",Calendar year,,Developed/Advanced[1]High-income economy[2],"$33 billion (nominal, 2020 est.)[4] $59 billion (PPP, 2020 est.)[4]","95th (nominal, 2019)102nd (PPP, 2019)",4.3% (2018) 2.2% (2019)−3.6% (2020) 5.2% (2021e)[4],"$17,230 (nominal, 2020 est.)[4] $30,579 (PPP, 2020 est.)[4]","43rd (nominal, 2019)47th (PPP, 2019)",agriculture: 3.9%industry: 22.4%services: 73.7%(2017 est.)[5],,0.6% (2020 est.)[4]2.7% (2019)[4]2.6% (2018)[4],"25.5% (2015)[5] 27.3% at risk of poverty or social exclusion (AROPE, 2019)[6]","35.2 medium (2019, Eurostat)[7]",0.854 very high (2018)[8] (39th) 0.776 high IHDI (2018)[9],,,8.8% (August 2020)[12] 17.6% youth unemployment (15 to 24 year-olds; July 2020)[13],"processed foods, processed wood products, textiles, processed metals, pharmaceuticals, railroad cars, synthetic fibers, electronics","19th (very easy, 2020)[14]","foodstuffs, wood and wood products, metals, machinery and equipment, textiles",Lithuania(+) 15.8% Russia(+) 14% Estonia(+) 10.9% Germany(+) 6.9% Sweden(+) 5.7 United Kingdom(+) 4.9% Poland(+) 4.3% Denmark(+) 4.1%(2017)[5],"machinery and equipment, consumer goods, chemicals, fuels, vehicles",Lithuania(+) 17.6% Germany(+) 11.7% Poland(+) 8.7% Estonia(+) 7.6% Russia(+) 7.1% Netherlands(+) 4.2% Finland(+) 4.2% Italy(+) 4%(2017)[5],$18.84 billion (31 December 2017 est.)[5] Abroad: $3.402 billion (31 December 2017 est.)[5],−$231 million (2017 est.)[5],$40.02 billion (31 March 2016 est.)[5],36.9% of GDP (2019)[15] €11.245 billion (2019)[15],€63 million deficit (2019)[15]−0.2% of GDP (2019)[15],38.7% of GDP (2019)[15],38.9% of GDP (2019)[15],Standard & Poor's:[16]A- (Domestic)A- (Foreign)AAA (T&C Assessment)Outlook: Stable[17]Moody's:A3Outlook: Stable [18]Fitch:A-Outlook: Stable [19]Scope:A-Outlook: Stable [20],$4.614 billion (31 December 2017 est.)[5],"EU, OECD and WTO",,"974,318 (2019)[10] 76.8% employment rate (Target: 73%; 2018)[11]",agriculture: 7.7%industry: 24.1%services: 68.1%(2016 est.)[5],,recipient: $0.1 billion (1995),"€1,147 / $1,390 monthly (September, 2020)",,,"€844 / $1,025 monthly (September, 2020)",
129,Kosovo,1782115,0.0227%,2313,27.8%,2019,"4400
","2019[5]
", European Union," European Union
",,,,,Euro (EUR),Calendar year,,Developing/Emerging[1]Upper-middle income economy[2],"$8.624 billion (nominal, 2021 est.)[4] $23.524 billion (PPP, 2021)[5]","— (nominal, 2019)— (PPP, 2019)",3.8% (2018) 4.2% (2019e)−4.5% (2020f) 5.2% (2021f)[6],"$5,020 (nominal, 2021 est.)[4] $13,154 (PPP, 2021 est.)[4]","— (nominal, 2019)— (PPP, 2018)",agriculture: 12.9%industry: 22.6%services: 64.5%(2016 est.)[7],,1.3% (2021 est.)[5],17.6% (2015)[8] 21.6% on less than $5.50/day (2017)[9],29.0 low (2017)[10],0.750 high (2018)[11] (N/A)N/A IHDI (2017),,,"25.9% (Q4, 2019)[2]","mineral mining, construction materials, base metals, leather, machinery, appliances, foodstuffs & beverages, textiles[7]","57th (easy, 2020)[12]","Mining & processed metal products, mineral products, food and beverages, products of plastic and rubber, agricultural products, leather products, textile, machinery and electrical components.",EU 30.2% Albania 18.6% North Macedonia 11.9% India 9.8%  Switzerland 7.8%[14],"Mineral products, food and beverages, machinery and electrical components, vehicles, chemical products, products of plastic and rubber, agricultural products, textile, live animals[13]",EU 43.5% Turkey 10% China 9.3% Albania 6.1% North Macedonia 5.1%[15],,,$1.175 million (2017)[16],16.6% of GDP (2017)[16],,$2.256 billion (2017)[16],$2.166 billion (2017)[16],,n/av,"CEFTA, Mini Schengen Zone",,"500,300 (2017 est.)[7]includes those elements estimated to be employed in the grey economy[7]",agriculture: 4.4%industry: 17.4%services: 78.2%(2017)[7],,,,,,,
130,Guinea-Bissau,1646077,0.0209%,380,23.5%,2018,"322.0
","2019
", India," European Union
",,,,,CFA franc,Calendar Year,,,$1.963 billion (PPP) (2012 est.)Rank: 193 (2012 est.)[1],,5.9% (2017) 3.8% (2018)4.6% (2019e) 4.9% (2020f)[2],"$1,200 (PPP) (2012 est.)Rank: 211 (2012 est.)",,agriculture (55.7%)  industry (13.2%)  services (31.0%) (2012 est.),,2.4% (2012 est.),63.9% with less than $2/day (2010 est.),,,,,N/A,"food processing, beer, soft drinks",172nd (2017)[3],"non-fillet frozen fish, cashew nuts, peanuts, palm kernels, lumber, acyclic alcohols",India 65.5%   China 18.4%   Vietnam 11.6%   Netherlands 1.23%  (2014 est.)[4],"refined petroleum, rice, soups and broths, malt extract, cement",Senegal 22.7%   Portugal 21.6%   United Kingdom 16.5%   India 4.4%  (2014 est.)[4],,,$1.095 billion (31 December 2010 est.),,,$129.1 million (2012 est.),$153.4 million (2012 est.),,$168.6 million (2009 est.),"AU, African Development Bank, ECOWAS, World Bank, IMF, WTO, Group of 77",,"632,700 (2007 est.)",agriculture (82%)  industry and services (18%) (2000 est.),,$170.2 million (31 December 2012 est.),,,,,
131,Bahrain,1501635,0.0191%,30097,79.6%,2018,"10368
","2019
", Saudi Arabia," European Union
","152,600","2012 est.
","43,000","36,000
",Bahraini dinar (BHD),Calendar Year,,Developing/Emerging[2]High-income economy[3],"$34.624 billion (nominal, 2020 est.)[5] $74.245 billion (PPP, 2020 est.)[5]","94th (nominal, 2020)96th (PPP, 2020)",1.8% (2018) 1.8% (2019e)−2.5% (2020f) 3.0% (2021f)[6],"$22,878 (nominal, 2020 est.)[5] $49,057 (PPP, 2020 est.)[5]","34th (nominal, 2020)20th (PPP, 2020)",agriculture: 0.3%industry: 39.3%services: 60.4%(2017 est.)[7],,2.800% (2020 est.)[5],N/A[8],,0.838 very high (2018)[9] (45th)N/A IHDI (2018)[10],,,0.714% (2019 est.)[13],"Petroleum processing and refining, Aluminum Smelting, Iron Pelletization, Fertilizers, Islamic and Offshore Banking, Insurance, Ship Repairing, Tourism","43rd (very easy, 2020)[14]","Petroleum and Petroleum Products, Aluminum, Textiles",United Arab Emirates 19.6%   Saudi Arabia 11.7%   United States 10.8%  Oman 8.1%  China 6.5%   Qatar 5.7%  Japan 4.2% (2017 est.)[15],"Crude Oil, Machinery, Chemicals",China 8.8%    United Arab Emirates 7.2%    United States 7.1%  Australia 5.8%   Japan 4.8% (2017 est.)[16],,,$52.15 billion (2017 est.),88.5% of GDP (2017 est.),,$5.854 billion (2017 est.),$9.407 billion (2017 est.),Standard & Poor's:[17]BBB (Domestic)BBB (Foreign)BBB (T&C Assessment),,GCC,,"977,302 (2019)[11]70.9% employment rate (2015)[12]44% of the population in the 15-64 age group is non-national[7]",agriculture: 1%industry: 32%services: 67%(2004 est.)[7],,,,,,,
132,Estonia,1329460,0.0169%,22820,72.6%,2019,"18658
","2019
", European Union," European Union
","7,624","2010 est.
",,,"Euro (EUR, €)",Calendar year,,Developed/Advanced[1]High-income economy[2],"$30 billion (nominal, 2020 est.)[4] $49 billion (PPP, 2020 est.)[4]","97th (nominal, 2019)112th (PPP, 2020)",4.3% (2018) 5.0% (2019)−5.2% (2020e) 4.5% (2021e)[4],"$22,986 (nominal, 2020 est.)[4] $37,033 (PPP, 2020 est.)[4]","35th (nominal, 2019)39th (PPP, 2019)",agriculture: 2.8%industry: 29.2%services: 68.1%(2017 est.)[5],,0.2% (2020 est.)[4]2.3% (2019)[4]3.4% (2018)[4],"21.1% – income below €468/month (2016)[6] 24.3% at risk of poverty or social exclusion (AROPE, 2019)[7]","30.5 medium (2019, Eurostat)[8]",0.892 very high (2019)[9] (29th) 0.829 very high IHDI (2019)[10],,,7.8% (July 2020)[13] 23.2% youth unemployment (15 to 24 year-olds; June 2020)[14],"engineering, electronics, wood and articles of wood, textiles, information technology, telecommunications","18th (very easy, 2020)","Electrical equipment, wood and articles of wood, mineral products, agriculture products, mechanical appliances",Finland(+) 16% Sweden(+) 11% Latvia(+) 10% Russia(+) 8% Germany(+) 6%Others 51%(2018)[15],"Electrical equipment, transport equipment, agricultural products, mineral products, mechanical appliances",Finland(+) 13% Germany(+) 10% Lithuania(+) 10% Sweden(+) 9% Russia(+) 9%Others 50%(2018)[15],$27.05 billion (31 December 2017 est.)[5] Abroad: $10.96 billion (31 December 2017 est.)[5],$809 million (2017 est.)[5],$19.05 billion (31 December 2016 est.)[5],8.4% of GDP (2019)[16] €2.4 billion (2019)[16],€90 million deficit (2019)[16]−0.3% of GDP (2019)[16],38.7% of GDP (2019)[16],39.0% of GDP (2019)[16],Standard & Poor's: AA-Fitch Ratings: A+Moody's: A1Scope: AA-[18],$345 million (31 December 2017 est.)[5],"EU, WTO and OECD",,"693,759 (2019)[11] 79.5% employment rate (Target: 76%; 2018)[12]",agriculture: 2.7%industry: 20.5%services: 76.8%(2017 est.)[5],,"donor: ODA, €40.3 million (2016)[17]","€1,515 / $1,818 monthly (Q4, 2020)",,,"€1,233.37 / $1,480 monthly (Q4, 2020)",
133,Mauritius,1266030,0.0161%,5551,39.2%,2018,"5600
","2019
", European Union," European Union
",,,,,"Mauritian rupee (MUR, Rs)",1 July – 30 June,,Developing/Emerging[1]High-income economy[2],"$14.391 billion (nominal, 2019 est.)[4] $31.592 billion (PPP, 2019 est.)[5]","123rd (nominal, 2019)132nd (PPP, 2020)",3.7% (2018) 3.6% (2019e)−6.8% (2020f) 6.4% (2021f)[6],"$11,361 (nominal, 2019 est.)[4] $24,996 (PPP, 2019 est.)[4]","60th (nominal, 2019)58th (PPP, 2018)",agriculture: 4%industry: 21.8%services: 74.1%(2017 est.)[7],,4.7% (2020 est.)[5],8% (2006 est.)[7],36.8 medium (2017)[8],0.804 Very high (2020)[9] (66th) 0.694 medium IHDI (2019)[10],,,6.4% (2018)[13],"food processing (largely sugar milling), textiles, clothing, mining, chemicals, metal products, transport equipment, nonelectrical machinery, tourism","13th (very easy, 2020)[14]","clothing and textiles, sugar, cut flowers, molasses, fish, primates (for research)",European Union 28.5% United States 12.5% United Kingdom 12% South Africa 9% Madagascar 6.7%(2017)[7],"manufactured goods, capital equipment, foodstuffs, petroleum products, chemicals",India 17.9% China 15.7% France 11.1% South Africa 9.7%(2017)[7],NA[7] Abroad: NA[7],−$875 million (2017 est.)[7],$19.99 billion (31 December 2017 est.)[7],64% of GDP (2017 est.)[7],−0.3% (of GDP) (2017 est.)[7],2.994 billion (2017 est.)[7],3.038 billion (2017 est.)[7],,$5.984 billion (31 December 2017 est.)[7],"AU, AfCFTA, WTO, COMESA, SADC, IOC, IORA",,"611,703 (2019)[11] 54.9% employment rate (2018)[12]",agriculture: 4%industry: 21.8%services: 74.1%(2017 est.)[7],,$42 million (1997),,,,,
134,Eswatini,1093238,0.0139%,2070,40.5%,2019,"1832
","2019
", South Africa," South Africa
",,,,,"lilangeni (SZL), South African rand (ZAR)",1 April - 31 March,,,"$4.711 billion (nominal, 2018 est.)[1] $12.069 billion (PPP, 2018 est.)[1]",159th (nominal) / 157th (PPP),3.2% (2016) 1.9% (2017)0.5% (2018e) 1.1% (2019f)[2],"$4,267 (nominal, 2018 est.)[1] $10,932 (PPP, 2018 est.)[1]",,"agriculture: 8.77%, industry: 33.8%, services: 53.15% (2019 est.)[3]",,6.1% (2011 est.),69% (2006),,,,,40% (2006 est.),"Coal mining, wood pulp, sugar, soft drink concentrates, textile and apparel","121st (medium, 2020)[4]","soft drink concentrates, sugar, wood pulp, cotton yarn, refrigerators, citrus and canned fruit",South Africa 59.7% EU 8.8% US 8.8% Mozambique 6.2%(2004),"motor vehicles, machinery, transport equipment, foodstuffs, petroleum products, chemicals",South Africa 95.6% EU 0.9% Japan 0.9% Singapore 0.3%(2004),,,,$703.1 million (2011 est.),,$1.006 billion (2011),$1.488 billion (2011),,,"AU, AfCFTA, WTO, SADC, SACU",,"457,900 (2007)",agriculture: 70%,,recipient: $104 million (2001),,,,,
135,Djibouti,976107,0.0124%,4562,154.7%,2018,"4277
","2019
", Ethiopia," European Union
",,,,,Djiboutian franc (DJF),Calendar year,,,"$2.923 billion (nominal, 2018)[1] $5.565 billion (PPP, 2018)[1]",,8.4% (2018) 7.5% (2019e)1.3% (2020f) 9.2% (2021f)[2],"$2,787 (nominal, 2018)[1] $5,305 (PPP, 2018)[1]",,Agriculture: 2.8%Industry: 21.0%Services: 76.1%(2017 est.),,0.148% (2018)[1],23%,,0.495 low (2018)[3] (171st) N/A IHDI (2018)[4],,,40% (2017 est.),"Dairy, Fishing, Salt, Construction, Mining","112th (medium, 2020)[5]","Reexports, Hides and skins, Coffee, Scrap metal",Ethiopia 38.8% Somalia 17.1% Qatar 9.1% Brazil 8.9% Yemen 4.9% United States 4.6%(2017 est.)[6],"Machinery and Equipment, Foodstuffs, Beverages, Chemicals, Petroleum products, Consumer Goods",China 42% Saudi Arabia 14% India 4% Indonesia 6% Oman 3%[7],,,,85% (2017 est.),,$615 million,$860 million,,,"AL, AU, CEN-SAD, IGAD",,"294,600 (2012 est.)",Agriculture: 10%Industry: 21.2%Tertiary sector of the economy,,,,,,,
136,Fiji,898402,0.0114%,2644,-,2019,"2738
","2019
", United States," Singapore
",,,,,"Fijian Dollar (FJD, FJ$)",,,Developing/Emerging[1]Upper-middle income economy[2],"$9.106 billion (nominal, 2020 est.)[3] $10.054 billion (PPP, 2020 est.)[3]","156th (nominal, 2020)151st (PPP, 2020)",3.5% (2018) 1.0% (2019e)−4.3% (2020f) 1.9% (2021f)[4],"$6,208 (nominal, 2018)[5] $11,685 (PPP, 2018)[5]",,,,-2.20%[6],31% (2009 est.),,0.724 high (2018)[7] (98th) 0.608 medium IHDI (2015)[8],,,,"Tourism, sugar processing, clothing, copra, gold, silver, lumber","102nd (medium, 2020)[9]","Fuel, including oil, fish, beverages, gems, sugar, garments, gold, timber, fish, molasses, coconut oil, mineral water",United States 20.8% Australia 14.9% New Zealand 7.7% Tonga 5.0% Vanuatu 4.6% China 4.5% Spain 4.3% United Kingdom 4.3% Kiribati 4.1%,"Manufactured goods, machinery and transport equipment, petroleum products, food and beverages, chemicals, tobacco",Australia 19.2% New Zealand 17.2% Singapore 17.0% China 13.8%,,-$344 million (June. 2020)[10]-$277 million (2017 est.)-$131 million (2016 est.),,48.9% of GDP (2017 est.),,1.454 billion (2017 est.),1.648 billion (2017 est.),,,WTO,,"353,100 (2017 est.)",Agriculture: 44.2%Industry: 14.3%Services: 41.6%(2011 est.),,,,,,,
137,Cyprus,888005,0.0113%,17182,71.1%,2019,"9219
","2019
", European Union," European Union
",,,,,"Euro (EUR, €)",Calendar year,,Developed/Advanced[1][2]High-income economy[3],"$23.967 billion (nominal, 2020)[5] $35.531 billion (PPP, 2020)[5]","105th (nominal, 2019)122nd (PPP, 2020)",−5.1% (2020 est.)[5][6] 3.0% (2021 est.)[5],"$27,054 (nominal, 2020)[5] $40,107 (PPP, 2020)[5]","32nd (nominal, 2019)31st (PPP, 2019)",agriculture: 2%industry: 12.5%services: 85.5%(2017 est.)[7],,−0.7% (March 2021)[8]−1.1% (2020)[5]0.6% (2019)[5]0.8% (2018)[5]0.7% (2017)[5],22.3% at risk of poverty or social exclusion (2019)[9],"31.1 medium (2019, Eurostat)[10]",0.873 very high (2018)[11] (31st) 0.788 high IHDI (2018)[12],,,6.8% (February 2021)[15] 16.6% youth unemployment (2019)[16],"tourism, food and beverage processing, cement and gypsum, ship repair and refurbishment, textiles, light chemicals, metal products, wood, paper, stone and clay products[7]","54th (easy, 2020)[19]","citrus, potatoes, pharmaceuticals, cement, clothing[7]",Libya 9.4% Greece 7.7% Norway 6.7% United Kingdom 5.3% Germany 4.1%(2017)[7],"consumer goods, petroleum and lubricants, machinery, transport equipment[7]",Greece 19% Italy 7.5% China 7.4% South Korea 7.3% Germany 7% Netherlands 5.1% United Kingdom 5% Israel 4.1%(2017)[7],,−$1.458 billion (2017 est.)[7],$95.28 billion (31 December 2013 est.),"€24.412 billion ( 113.2% of GDP; Q2 2020 est.)[20]€20.958 billion ( 94.0% of GDP, 2019)[21]","€327 million ( 1.5% of GDP, 2019)[21]",41.5% of GDP (2019)[21],40.1% of GDP (2019)[21],DBRS:[22]BBB (low)Trend: StableFitch:[23]BBB-Outlook: StableMoody's:[24]Ba2Outlook: StableS&P:[25][26]BBB-AAA (T&C Assessment)Outlook: Stable,$888.2 million (31 December 2017 est.)[7],"EU, WTO",,"632,970 (2020)[13] 75.7% employment rate (Target: 75%; 2019)[14]",agriculture: 3.8%industry: 15.2%services: 81%(2014 est.)[7],,,"€2,019 per month (Q1 2020)[17]",,,"€17,582 (2018; annual, equivalised)[18]","€15,336 (2018; annual, equivalised)[18]"
138,Comoros,758316,0.00965%,152,13.2%,2018,"201.2
","2019
", European Union," European Union
",,,,,Comorian franc,calendar year,,Developing/Emerging[1]Lower-middle income economy[2],"$1.184 billion (nominal, 2018 est.)[3] $2.373 billion (PPP, 2018 est.)[3]",184th (nominal) / 207th (PPP),3.8% (2017) 3.4% (2018)1.7% (2019e) 4.8% (2020f)[4],"$1,391 (nominal, 2018 est.)[3] $2,790 (PPP, 2018 est.)[3]",,agriculture: 50.0%; industry: 10.0%; services: 40.0% (2011 est.)[5],,1.749% (2018)[3],60% (2002 est.),N/A,,,,20% (1996 est.),"fishing, tourism, perfume distillation","160th (below average, 2020)[6]","vanilla, ylang-ylang (perfume essence), cloves, copra",India 15.1% Singapore 15% France 14.9% Netherlands 12.9% Turkey 11.9% United States 5.7% Saudi Arabia 5.4% Germany 4.2%(2013 est.)[8],"rice and other foodstuffs, consumer goods, petroleum products, cement, transport equipment",France 16.9% Pakistan 15.8% China 12.8% United Arab Emirates 11% India 6.7% Kenya 6.1% Hong Kong 5.1%(2013 est.)[10],N/A,,$136.1 million (189th) (31 December 2012)[11],N/A,,N/A,N/A,,,"AU, AfCFTA (signed), WTO (observer)",,"268,500 (2007 est.)","agriculture: 80%, industry and services: 20% (1996 est.)",,,,,,,
139,Bhutan,756129,0.00962%,745,30.8%,2019,"810.3
","2019
", India," India
",,,,,ngultrum (BTN),1 Jan – 31 December,SAFTA,Developing/Emerging[1]Lower middle income economy[2],"$2.842 billion(nominal, 2019 est.)[4] $8.199 billion(PPP, 2019 est.)[4]","161st (nominal, 2019)154th (PPP, 2019)",3.8% (17/18) 3.9% (18/19e)1.5% (19/20f) 1.8% (20/21f)[5],"$3,423 (nominal, 2019 est.)[4] $9,876 (PPP, 2019 est.)[4]","120th (nominal, 2019)106th (PPP, 2019)",agriculture: 16.2%industry: 41.8%services: 42%(2017 est.)[6],,4.2% (2020 est.)[4],8.2% (2017)[7] 9.8% on less than $3.20/day (2020f)[8],"37.4 medium (2017, World Bank)[9]",0.617 medium (2018)[10] (134th) 0.450 low IHDI (2018)[11],"381,742 (2019)[12]major shortage of skilled labor[6] 61.6% employment rate (2015)[13]",agriculture: 58%industry: 20%services: 22%(2015 est.)[6],3.2% (2017 est.)[6],"cement, wood products, processed fruits, alcoholic beverages, calcium carbide, tourism","89th (easy, 2020)[14]","electricity (to India), ferrosilicon, cement, cardamom, calcium carbide, steel rods/bars, dolomite, gypsum",India 81.1% Bangladesh 6.4% Hong Kong 5.8% China 3.8%   Nepal 2.9%(2013)[15],"fuel and lubricants, airplanes, machinery and parts, rice, motor vehicles",India 78.3% China 6% Japan 3.8% South Korea 3.4% Thailand 2.6% Singapore 2.6%(2013)[16],$160.4 million (31 December 2017 est.)[6] Abroad: n/a,−$547 million (2017 est.)[6],$2.671 billion (31 December 2017 est.)[6],106.3% of GDP (2017 est.)[6],−3.4% (of GDP) (2017 est.)[6],655.3 million (2017 est.)[6],737.4 million (2017 est.)[6][note 1],,$1.206 billion (31 December 2017 est.)[6],,,,,,$985 million (India) (2015-16),,,,,
140,Guyana,743699,0.00946%,1597,33%,2018,"5980
","2019
", Canada," Trinidad and Tobago
",,,"83,174","–
",Guyanese dollar (GYD),Calendar year,,Developing/Emerging[1]Upper-middle income economy[2],"$6.806 billion (nominal, 2020 est.)[3] $7.148 billion (PPP, 2019 est.)[4]","148th (nominal, 2020)158th (PPP, 2018)",4.1% (2018) 4.7% (2019e)51.1% (2020f) 8.1% (2021f)[5],"$8,649 (nominal, 2020 est.) $8,581 (PPP, 2018 est.)[6]","68th (nominal, 2020)114th (PPP, 2018)",agriculture: 15.4%industry: 15.3%services: 69.3%(2017 est.)[7],,1.8% (2020 est.)[4],35% (2006 est.)[7],44.6 medium (2007)[7],0.670 medium (2018)[8] (123rd)0.546 IHDI (2018)[9],,,12.2% (2018)[12],"bauxite, sugar, rice milling, timber, textiles, gold mining","134th (medium, 2020)[13]","sugar, gold, bauxite, alumina, rice, shrimp, molasses, rum, timberpetroleum",Canada 24.9% United States 16.5% Panama 9.6% United Kingdom 7.7% Jamaica 5.1% Trinidad and Tobago 5%(2017)[7],"manufactures, machinery, petroleum, food",Trinidad and Tobago 27.5% United States 26.5% China 8.9% Suriname 6.1%(2017)[7],N/A,−$237 million (2017 est.)[7],$1.69 billion (31 December 2017 est.)[7],52.2% of GDP (2017 est.)[7],−4.5% (of GDP) (2017 est.)[7],1.002 billion (2017 est.)[7],1.164 billion (2017 est.)[7],,$565.4 million (31 December 2017 est.)[7],"CARICOM, WTO, Prosur, Unasur, Mercosur (associate)",,"324,943 (2019)[10]49.2% employment rate (2017)[11]",N/A,,$84 million,,,,,
141,Macau,683100,"0.00869%
",45582,83.5%,2018,"12024
","2019
", Hong Kong," Hong Kong
",,,,,pataca (MOP) ; Hong Kong Dollar (HKD)[1][2][3],calendar year,,Developed/Advanced[4]High-income economy[5],"$39.449 billion (nominal, 2021 est.)[7] $61.623 billion (PPP, 2021 est.)[7]",94th (nominal)109th (PPP),9.7% (2017) 4.7% (2018)−4.7% (2019)[8] −52.3% (2020e)[7],"$58,004 (nominal, 2021 est.)[7] $90,606 (PPP, 2021 est.)[7]",,agriculture: 0% (2016 est.)industry: 6.3%services: 93.7%(2017 est.)[9],,3.005% (2018)[7],NA[9],35 medium (2013)[9],0.914 very high (2017)[10][note 1] (N/A)N/A IHDI (2017),,,"1.7% (Q2, 2019)[13]","tourism, gambling, clothing, textiles, electronics, footwear, toys",,"clothing, textiles, footwear, toys, electronics, machinery and parts",Hong Kong 58.5% China 18.8% Portugal 10.5%(2017)[9],"raw materials and semi-manufactured goods, consumer goods (foodstuffs, beverages, tobacco, garments and footwear, motor vehicles), capital goods, mineral fuels and oils",China 33.9% Italy 9.3% Hong Kong 9% France 7.5%  Switzerland 7.4% Japan 7.2% United States 4.4%(2017)[9],$18.91 billion (31 December 2011 est.)[9] Abroad: $1.166 billion (2012 est.)[9],$16.75 billion (2017 est.)[9],$0 (31 December 2013)[9],0% of GDP (2017 est.)[9],,14.71 billion (2017 est.)[9],9.684 billion (2017 est.)[9],,$20.17 billion (31 December 2017 est.)[9][note 2],"WTO, One Belt One Road, Boao Forum, The Forum for Economic and Trade Co-operation between China and Portuguese-speaking Countries ( Macao) and ICC etc.",,"388,620 (2019)[11] 70.9% employment rate (2016)[12]",agriculture: 2.5%industry: 9.8%services: 4.4%industry and services: 12.4%agriculture/fishing/forestry/mining: 15%manufacturing: 25.9%construction: 7.1%transportation and utilities: 2.6%commerce: 20.3%(2013 est.)[9],,,,,,,
142,Luxembourg,634730,0.00808%,133595,208.8%,2019,"24374
","2019
", European Union," European Union
",,,,,"Euro (EUR, €)",Calendar year,,Developed/Advanced[1]High-income economy[2],"$71 billion (nominal, 2019)[4] $74 billion (PPP, 2019)[4]","69th (nominal, 2019)100th (PPP, 2020)",3.1% (2018) 2.3% (2019)−5.8% (2020e) 5.9% (2021e)[4],"$115,839 (nominal, 2019 est.)[4] $120,490 (PPP, 2019 est.)[4]","1st (nominal, 2019)2nd (PPP, 2019)",agriculture: 0.3%industry: 12.8%services: 86.9%(2017 est.)[5],,0.4% (2020 est.)[4]1.7% (2019)[4]2.0% (2018)[4],"20.6% at risk of poverty or social exclusion (AROPE, 2019)[6]","32.3 medium (2019, Eurostat)[7]",0.909 very high (2018)[8] (21st) 0.822 very high IHDI (2018)[9],,,6.8% (August 2020)[12] 16.4% youth unemployment (Q4-2019)[13],"banking and financial services, construction, real estate services, iron, metals, and steel, information technology, telecommunications, cargo transportation and logistics, chemicals, engineering, tires, glass, aluminum, tourism, biotechnology","72nd (easy, 2020)[14]","machinery and equipment, steel products, chemicals, rubber products, glass",Germany(+) 25.6% Belgium(+) 17.6% France(+) 14% Netherlands(+) 5.1% Italy(+) 4.1% United Kingdom(+) 4.1%(2017)[5],"commercial aircraft, minerals, chemicals, metals, foodstuffs, luxury consumer goods",Belgium(+) 32% Germany(+) 24.9% France(+) 11.1% United States(+) 5.7% Netherlands(+) 4.9%(2017)[5],$11.21 billion (31 December 2008 est.)[5] Abroad: NA[5],$3.112 billion (2017 est.),$3.781 trillion (31 March 2016 est.)[5],22.1% of GDP (2019)[15] €14.013 billion (2019)[15],€1.4 billion surplus (2019)[15]+2.2% of GDP (2019)[15],44.8% of GDP (2019)[15],42.6% of GDP (2019)[15],Standard & Poor's:[16]AAA (Domestic)AAA (Foreign)AAA (T&C Assessment)Outlook: Stable[17]Moody's:[17]AaaOutlook: StableFitch:[17]AAAOutlook: PositiveScope:[18]AAAOutlook: Stable,$878 million (31 December 2017 est.)[5],"EU, WTO and OECD",,"300,538 (2019)[10] 72.1% employment rate (Target: 73%; 2018)[11]",agriculture: 1.1%industry: 20%services: 78.9%(2017 est.)[5],,"donor: ODA, $0.24 billion (2004[update])","€5,030 / $5638 monthly (2017)",,,"€3,416 / $3829 monthly (2017)",
143,Montenegro,621873,0.00791%,2416,44.1%,2019,"2973
","2019
", European Union," Serbia
",,,,,"Euro (EUR, €)",Calendar year,,Developing/Emerging[1]Upper-middle income economy[2],"$5.424 billion (nominal, 2019 est.)[4] $12.608 billion (PPP, 2019 est.)[5]","148th (nominal, 2019)148th (PPP, 2019)",5.1% (2018) 3.6% (2019e)−12.0% (2020f) 5.5% (2021f) 4.2% (2022f) 3.1% (2023f) 3.0% (2024f) 3.0% (2025f)[6],"$8,704 (nominal, 2019 est.)[4] $20,084 (PPP, 2019 est.)[4]","73rd (nominal, 2019)69th (PPP, 2018)",Agriculture: 7.5%Industry: 15.9%Services: 76.6%(2016 est.)[7],,0.7% (2020 est.)[5],8.6% (2013 est.)[7] 33.7% at risk of poverty or social exclusion (2017)[8] 18.1% on less than $5.50/day (2020f)[9],"36.7 medium (2017, Eurostat)[10]",0.816 very high (2018)[11] (52nd)0.746 high IHDI (2018)[12],,,16.1% (2017 est.)[7] 30.7% youth unemployment (2018)[15],"steelmaking, aluminum, agricultural processing, consumer goods, tourism","50th (very easy, 2020)[16]",N/A,Serbia(+) 22.7% Croatia(+) 22.7% Slovenia(+) 7.8%(2012 est.)[17],"Food,oil products,natural gas,clothes,industrial products.",Serbia(+) 29.3% Hungary(+) 10.9% Greece(+) 8.7% China(-) 7.1%(2012 est.)[18],$737.7 million (31 December 2017 est.)[7] Abroad: $39.77 million (31 December 2017 est.)[7],−$780 million (2017 est.)[7],$2.516 billion (31 December 2017 est.)[7],67.2% of GDP (2017 est.)[7][note 1],−5.6% (of GDP) (2017 est.)[7],1.78 billion (2017 est.)[7],2.05 billion (2017 est.)[7],Standard & Poor's:[19][20]BB+ (Domestic)BB (Foreign)BB+ (T&C Assessment)Outlook: NegativeMoody's:[20]Ba3Outlook: Negative,$1.077 billion (31 December 2017 est.)[7],"CEFTA, WTO",,"257,387 (2019)[13] 59.8% employment rate (2018)[14]",agriculture: 7.9%industry: 17.1%services: 75%(2017 est.)[7],,,"€769 / $862 monthly (November, 2018)",,,"€512 / $574 monthly (November, 2018)",
144,Suriname,590100,0.00751%,2340,52.5%,2019,"1711
","2019
", United States," United States
","7,621","2010 est.
","14,915","30,465
",,calendar year,,,"$3.427 billion (nominal, 2018 est.)[1] $8.930 billion (PPP, 2018 est.)[1]",,2.6% (2018) 2.3% (2019e)−5.0% (2020f) 3.0% (2021f)[2],"$5,798 (nominal, 2018 est.)[1] $15,111 (PPP, 2018 est.)[1]",,agriculture: 10.4%; industry: 36.6%; services: 52.9% (2012 est.),,22 % (2020) [3],70% (2002 est.),,0.724 high (2018)[4] (98th)0.557 IHDI (2018)[5],,,7.47% (2020) [7],"bauxite and gold mining, alumina production; oil, lumbering, food processing, fishing","162nd (below average, 2020)[8]","Gold, alumina, Wood, crude oil, lumber, shrimp and fish, rice, bananas",Switzerland: 40.6% Hong Kong: 17.6% United Arab Emirates: 13.8% Belgium: 8.51% Guyana: 4.63% United States: 2.82% China: 2.38% India: 1.79% Netherlands: 1.5% Singapore: 1.09%Others: 48.73%(2018)[9],"capital equipment, petroleum, foodstuffs, cotton, consumer goods",China: 14.1% Germany: 8.19% United States: 7.84% Japan: 3.88% South Korea: 3.35% France: 3.06% Netherlands: 2.99% Italy: 2.94% United Kingdom: 2.52% Mexico: 2.4%Others: 48.73%(2018)[10],,,$504.3 million (2005 est.),,,$826.6 million (2010 est.),$939.7 million (2010 est.),Standard & Poor's:CCCOutlook: Stable[11]Moody's:[11]B1Outlook: StableFitch:[11]CCCOutlook: Highly Vulnerable,$647.3 million (2019) [12],"WTO, CARICOM, Unasur, Mercosur (associate)",,"220,600 (2020) [6]",agriculture: 8%; industry: 14%; services: 78% (2004),,"Netherlands provided $37 million for project and program assistance, European Development Fund $4 million, Belgium $2 million (2003)",,,,,
145,Malta,514564,0.00655%,20809,140.6%,2019,"8211
","2019
", European Union," European Union
",,,,,"Euro (EUR, €)[note 1]",Calendar year,,Developed/Advanced[1]High-income economy[2],"$15 billion (nominal, 2019)[4] $23 billion (PPP, 2019)[4]","121st (nominal, 2019)141st (PPP, 2020)",5.2% (2018) 4.9% (2019)−7.9% (2020e) 4.8% (2021e)[4],"$30,374 (nominal, 2019)[4] $46,924 (PPP, 2019)[4]","28th (nominal, 2019)24th (PPP, 2019)",agriculture: 1.4%industry: 11.4%services: 87.2%(2015 est.)[5],,0.8% (2020 est.)[4]1.5% (2019)[4]1.7% (2018)[4],"15.1% (2012) 20.2% at risk of poverty or social exclusion (AROPE, 2019)[6]","28.0 low (2019, Eurostat)[7]",0.885 very high (2018)[8] (28th) 0.815 very high IHDI (2018)[9],,,4.1% (August 2020)[13] 8.7% youth unemployment (2018)[14],"Tourism, electronics, ship building and repair, construction, food and beverages, pharmaceuticals, footwear, clothing, tobacco, aviation services, financial services, information technology services","88th (easy, 2020)[16]","Machinery and mechanical appliances, mineral fuels, oils and products, pharmaceutical products, printed books and newspapers, aircraft and parts, toys, games and sports equipment",Germany(+) 18.1% Libya(+) 10.2% France(+) 8.6% United Kingdom(+) 7.3% Italy(+) 5.9% Turkey(+) 5.9% Greece(+) 5.1% China(-) 4.3%(2014 est.)[17],"Mineral fuels, oils and products, electrical machinery, aircraft and parts, machinery and mechanical appliances, plastic and other semi-manufactured goods, vehicles and parts",Italy(+) 19.3% United Kingdom(+) 10.3% Germany(+) 8.2% France(+) 7.1% China(-) 5.8% Greece(+) 5.0% Spain(+) 4.8% Netherlands(+) 3.7%(2014 est.)[18],$2.03 billion (2017)[19],,$5.241 billion (2013 est.)[20],43.1% of GDP (2019)[21][21],€71 million surplus (2019)[21]+0.5% of GDP (2019)[21],38.2% of GDP (2019)[21],37.7% of GDP (2019)[21],Standard & Poor's:BBB+ (Domestic)BBB+ (Foreign)AAA (T&C Assessment)Outlook: Stable[22]Moody's:A3Outlook: Positive[23]Fitch:AOutlook: Stable[24],$377 million (31 December 2013),"EU, WTO and the OSCE",,"226,582 (2019)[10] 75.5% employment rate (Target: 70%; 2018)[11]","Public Administration: 26.6%Trade, Transport, Accommodation & Food: 28.6%Manufacturing & Industry: 15.7%Professional, Scientific & Technical: 7.7%Construction: 5.6%Financial & Insurance: 4.4%Agriculture & Fishing: 1.6%Information & Communication: 3.5%Other Services: 5.6%(2014 est.)[12]",,,"€1,355.58 monthly (2014)[15]€16,267 yearly (2014)[15]",,,,
146,Transnistria,469000,0.00597%,,,,,,,,,,,,,,,,,,,,,,,,,,,,,,,,,,,,,,,,,,,,,,,,,,,,,,,
147,Brunei,459500,0.00585%,7828,57.9%,2019,"5101
","2019
", Japan," Malaysia
","147,900","2010 est.
","98,642","257,959
","Brunei dollar (BND, B$)",1 April – 31 March (from April 2009),,Developing/Emerging[1]High-income economy[2],"$10.647 billion (nominal, 2020)[4] $28.470 billion (PPP, 2020)[4]","136th (nominal, 2020)131st (PPP, 2020)",1.3% (2017) 0.1% (2018)1.8% (2019e) 4.7% (2020e)[4],"$23,117 (nominal, 2020)[4] $61,816 (PPP, 2020)[4]","32nd (nominal, 2020)8th (PPP, 2020)",agriculture: 1.2%industry: 56.6%services: 42.3%(2017 est.)[5],,0.149% (2018)[4],NA,NA,0.838 very high (2019)[6] (47th)N/A IHDI (2019)[7],,,9.3% (2017[update])[10],"petroleum, petroleum refining, liquefied natural gas, construction, agriculture, aquaculture, transportation","66th (easy, 2020)[11]","mineral fuels, organic chemicals",Japan(+) 27.8% South Korea(+) 12.4% Thailand(+) 11.5% Malaysia(+) 11.3% India(+) 9.3% Singapore(+) 7.7%  Switzerland(+) 5% China(-) 4.7%(2017)[5],,China(-) 19.6% Singapore(+) 19% Italy(+) 18.8% United States(+) 9.2% Germany(+) 5.9% Japan(+) 4.1% United Kingdom(+) 4%(2017)[5],,$2.021 billion (2017 est.)[5],$0 (2014)[5][note 1],2.8% of GDP (2017 est.)[5],−17.3% (of GDP) (2017 est.)[5],2.245 billion (2017 est.)[5],4.345 billion (2017 est.)[5],Not rated,$3.488 billion (31 December 2017 est.)[5],"APEC, ASEAN, WTO. BIMP-EAGA",,"218,000 (2019)[8]56.9% employment rate (2017)[9]",agriculture: 4.2%industry: 62.8%services: 33%(2008 est.)[5],,,,,1 Brunei dollar = 1 Singapore dollar,,
148,Belize,419199,0.00533%,1077,57.7%,2018,"985.9
","2019
", European Union," United States
","4,345","2010 est.
","1,700","5,464
","Belize dollar (BZD, BZ$)",1 April – 31 March,,Developing/Emerging[1]Upper-middle income economy[2],"$1.925 billion (nominal, 2018)[3] $3.367 billion (PPP, 2018)[3]","165th (nominal, 2019)167th (PPP, 2019)",2.1% (2018) 0.3% (2019e)−13.5% (2020f) 6.7% (2021f)[4],"$4,862 (nominal, 2018 est.)[3] $8,504 (PPP, 2018)[3]","99th (nominal, 2018)115th (PPP, 2018)",agriculture: 13%industry: 23%services: 64%(2012 est.),,0.294% (2018)[3],41.3% (2009)[5]53% on less than $5.50/day (1999)[6],,0.720 high (2018)[7] (103rd)0.558 IHDI (2018)[8],,,11.1% (2016)[5],"Garment production, food processing, tourism, construction, oil","135th (medium, 2020)[11]","Sugar, bananas, citrus, clothing, fish products, molasses, wood, crude oil",United Kingdom 30.8% United States 18.7% Nigeria 6.7% Trinidad and Tobago 4.8% Ireland 4.2% Jamaica 4.2%(2015)[12],"Machinery and transport equipment, manufactured goods, fuels, chemicals, pharmaceuticals, food, beverages, tobacco",United States 26.6% Mexico 11.7% Cuba 10.2% Guatemala 9% China 7.5% Trinidad and Tobago 5.6% South Korea 4.6%(2015)[13],,,$1.048 billion (December 2013 est.),$1.229 billion (2013 est.),,410.1 million (2013 est.),352.4 million (2013 est.),Standard & Poor's:[14]CC (Domestic)CC (Foreign)CC (T&C Assessment),,"CARICOM, WTO",,"184,610 (2019)[9] 59.8% employment rate (2017)[10]note: shortage of skilled labor and all types of technical personnel",Agriculture: 10.2%industry: 18.1%services: 71.7%(2007 est.),,,,,,,
149,Bahamas,393450,0.00501%,4379,36.1%,2018,"10651
","2019
", United States," United States
",,,,,,,,,,,,,,,,,,,,,,,,,,,,,,,,,,,,,,,,,,,,,,,,
150,Maldives,383135,0.00487%,3693,66.3%,2018,"1678
","2019
", European Union," United Arab Emirates
",,,,,"Maldivian rufiyaa (MVR, Rf)",Calendar year,,Developing/Emerging[1]High-income economy[2],"$5.786 billion (nominal, 2019 est.)[3] $8.667 billion (PPP, 2019 est.)[3]","145th (nominal, 2019)152nd (PPP, 2019)",6.9% (2018) 5.2% (2019e)−13.0% (2020f) 8.5% (2021f)[4],"$15,563 (nominal, 2019 est.)[3] $23,312 (PPP, 2019 est.)[3]","54th (nominal, 2019)62nd (PPP, 2018)","agriculture (4%), industry (23%), services (73%) (2012 est.)",,2.3% (2020 est.)[3],8.2% (2016)[5]6.6% on less than $5.50/day (2016)[6],31.3 medium (2016)[7],0.719 high (2018)[8] (104th) 0.568 medium IHDI (2018)[9],,,,"fish processing, tourism, shipping, boat building, coconut processing, garments, woven mats, rope, handicrafts, sand mining","147th (medium, 2020)[12]",fish,Sri Lanka 50.1%   United States 10.7%  France 7.8%   Germany 6.8%   United Kingdom 4.2% (2017)[13],"petroleum products, ships, foodstuffs, clothing, intermediate and capital goods",China 19.7%   Singapore 16.2%   India 15.1%   Malaysia 9.2%   Sri Lanka 8.1% (2017)[14],,,$742 million (2014 est.),$316 million (2004 est.),,$758 million (2010 est.),$362 million; including capital expenditures of $80 million (2004 est.),,$540 million (September 2016 est.),"WTO, SAFTA",,"278,813 (2019)[10]54.1% employment rate (2016)[11]",,,N/A,,,,,
151,Iceland,368590,0.00469%,10955,45.3%,2019,"6560
","2019
", European Union," European Union
",,,,,"Icelandic króna (ISK, kr)",Calendar year,,Developed/Advanced[1]High-income economy[2],"$24 billion (nominal, 2019 est.)[4] $20 billion (PPP, 2019 est.)[5]","108th (nominal, 2019)143rd (PPP, 2020)",3.8% (2018) 1.9% (2019e)−7.2% (2020e) 6.0% (2021e)[5],"$67,037 (nominal, 2019 est.)[4] $56,066 (PPP, 2019 est.)[4]","6th (nominal, 2019)13th (PPP, 2019)",agriculture: 5.8%industry: 19.7%services: 74.6%(2017 est.)[6],,2.3% (2020 est.)[5],"8% – income below 1,200€/ month (2015)[7] 12.8% at risk of poverty or social exclusion (AROPE, 2017)[8]","25.2 low (2017, Eurostat)[9]",0.949 very high (2019)[10] (4th) 0.894 very high IHDI (2019)[11],,,5.0% (August 2020)[14] 9.9% youth unemployment (15 to 24 year-olds; July 2020)[15],"tourism, fish processing; aluminum smelting; geothermal power, hydropower; medical/pharmaceutical products","26th (very easy, 2020)[16]","fish and fish products (42%), aluminum (38%), agricultural products, medicinal and medical products, ferro-silicon (2015)",Netherlands(+) 25.5% Spain(+) 13.6% United Kingdom(+) 9.4% Germany(+) 7.6% United States(+) 7.0% France(+) 6.3% Norway(+) 4.9%(2017)[6],"machinery and equipment, petroleum products, foodstuffs, textiles",Germany(+) 10.7% Norway(+) 9.2% China(-) 7.0% Netherlands(+) 6.7% United States(+) 6.4% Denmark(+) 6.2% United Kingdom(+) 5.7% Sweden(+) 4.1%(2017)[6],$6.666 billion (31 December 2017 est.)[6] Abroad: $11.24 billion (31 December 2017 est.)[6],$857 million (2017 est.)[6],$21.7 billion (31 December 2017 est.)[6],40% of GDP (2017 est.)[6],+1.5% (of GDP) (2017 est.)[6],10.39 billion (2017 est.)[6],10.02 billion (2017 est.)[6],Moody's Investors Service[17]Baa2 (Foreign)Baa1 (Domestic)Outlook: StableStandard & Poor's[17]BBB- (Foreign)BBB- (Domestic)Outlook: PositiveFitch[17]BBB (Foreign)BBB+ (Domestic)Outlook: Positive,$6.567 billion (31 December 2017 est.)[6],"EFTA, OECD, WTO",,"217,371 (2019)[12] 86.5% employment rate (2018)[13]",agriculture: 4.8%industry: 22.2%services: 73%(2008)[6],,"c. $40 million (0.24% GDP, 2015 budget)","553,000 ISK / €4,000 month",,,"388,000 ISK / €2,800 month",
152,Vanuatu,301295,0.00383%,517,48.6%,2018,"285.1
","2019
", Malaysia," Australia
",,,,,Vanuatu vatu,,,Developing/Emerging,"$0.928 billion (nominal, 2018 est.)[1] $0.816 billion (PPP, 2018 est.)[1]",,3.5% (2016) 4.4% (2017)3.2% (2018e) 3.8% (2019e)[1],"$3,255 (nominal, 2018 est.)[1] $2,863 (PPP, 2018 est.)[1]",,,,2.863% (2018 est.)[1],,,,,,,,83rd (2017)[2],,,,,,,,,,,,,,,,,,,,,,,,
153,Barbados,288000,0.00366%,,,,"1581
","2019
", United States," United States
",765,"2010 est.
","1,000","3,521
",Barbadian dollar (BBD),1 April – 31 March,,Developing/Emerging[1]High-income economy[2],"$5.087 billion (nominal, 2018)[4] $5.344 billion (PPP, 2018)[4]",,2.5% (2016)0.5% (2017)−0.6% (2018)−0.1% (2019)-7.6% (2020)[4],"$17,758 (nominal, 2018)[4] $18,655 (PPP, 2018)[4]",,agriculture: 1.5%industry: 9.8%services: 88.7%(2017 est.)[5],,3.688% (2018)[4],N/A,,0.800 very high (2017)[6] (58th)0.669 IHDI (2017)[7],,,10.1% (2017 est.)[5],"tourism, sugar, light manufacturing, component assembly for export","128th (medium, 2020)[10]","manufactures, sugar, molasses, rum, other foodstuffs and beverages, chemicals, electrical components",United States 38% Trinidad and Tobago 10.2% Guyana 5.5% Jamaica 5% China 4.8% St. Lucia 4.6%(2017)[5],"consumer goods, machinery, foodstuffs, construction materials, chemicals, fuel, electrical components",United States 38.5% Trinidad and Tobago 14.6% China 7.1% United Kingdom 4.7%(2017)[5],,−$189 million (2017 est.)[5],$4.49 billion (2010 est.)[5],157.3% of GDP (2017 est.)[5],−4% (of GDP) (2017 est.)[5],1.466 billion (2013 est.) (2017 est.)[5],1.664 billion (2017 est.)[5],Standard & Poor's:[citation needed]CC (Domestic)SD (Foreign),$264.5 million (31 December 2017 est.)[5],WTO,,"155,283 (2018)[8] 59.9% employment rate (2016)[9]",agriculture: 10%industry: 15%services: 75%(1996 est.)[5],,$9.8 million (recipient; 1995),,,,,
154,Abkhazia,245424,0.00312%,,,,,,,,,,,,,,,,,,,,,,,,,,,,,,,,,,,,,,,,,,,,,,,,,,,,,,,
155,Samoa,199853,0.00254%,306,38%,2018,"391.1
","2019
", Australia," New Zealand
",,,,,,,,,"$0.862 billion (nominal, 2018)[1] $1.176 billion (PPP, 2018)[1]",,7.2% (2016) 2.7% (2017)0.9% (2018) 3.4% (2019e)[1],"$4,323 (nominal, 2018 est.)[1] $5,899 (PPP, 2018 est.)[1]",,,,3.672% (2018)[1],,,,,,,,89th (2017)[2],,,,,,,,,,,,,,,,,,,,,,,,
156,Guam,178306,0.00227%,,,,"19.66
","2019
",,,,,,,,,,,,,,,,,,,,,,,,,,,,,,,,,,,,,,,,,,,,,,,,,,
157,Curaçao,156223,0.00199%,1921,72.2%,2018,"1919
","2019
",,,,,,,Netherlands Antillean guilder (ANG),Calendar Year,,,$3.172 billion (2019 est.)[1],,3.5% (2008 est.),"$19,414 (2019 est.)",,agriculture: 1%; industry: 15%; services: 84% (2009 est.),,1.7% (2009 est.)[1],,,,,,10.3% (2008 est.),"Tourism, Petroleum Refining, Petroleum Transshipment Facilities, Light Manufacturing, Financial Services",,Petroleum products,United States 13.1%   Guatemala 10.8%   Panama 10.7%   Dominican Republic 9.6%   Haiti 7.6%   Bahamas 6.1%   Costa Rica 5.1%   Mexico 4.2% (2009 est.),Food and Crude Petroleum,Venezuela 57.3%   United States 19.2%   Brazil 8.1%   Netherlands 5.1%  (2009 est.)[1],,,,$1.0 billion[2],,,,,,Trade Union Centre of Curaçao,,"63,000 (2008 est.)",agriculture: 1.2%; industry: 16.9%; services: 81.8% (2006),,,,,,,
158,Kiribati,120740,0.00154%,19,9.6%,2018,"104.9
","2019
", Morocco," Australia
",,,,,Australian dollar (AUD),no data,,Least Developed[1]Low-income economy[2],"$0.189 billion (nominal, 2018 est.)[3] $0.240 billion (PPP, 2018 est.)[3]",192nd (nominal) / 190th (PPP),5.1% (2016) 0.3% (2017)2.3% (2018e) 2.3% (2019e)[3],"$1,641 (nominal, 2018 est.)[3] $2,087 (PPP, 2018 est.)[3]",,"agriculture 24.3%, industry 7.9%, services 67.8%. (2010)",,1.870% (2018 est.)[3],,,,,,2% (1992),"fishing, handicrafts",152nd (2017)[4],"copra 62%, coconuts, seaweed, fish","Japan, Malaysia, Taiwan, United States, Australia, Belgium, Denmark (2006)","foodstuffs, machinery and equipment, miscellaneous manufactured goods, fuel","Australia, Fiji, Japan, France, New Zealand, United States, S Korea, China, Thailand.(2006)",,,,,,$55.52 million (2010 est.),$107.1 million (2010 est.),,,PARTA,,"7,870 (not including subsistence farmers) (2001 est.)","agriculture: 2.7%, industry: 32%, services: 65.3% (2000)",,"A$36 million (2010/2011), largely from Australia, New Zealand & Taiwan",,,,,
159,Grenada,113000,0.00144%,650,54.5%,2018,"303.1
","2019
", Dominica," United States
",,,,,East Caribbean dollar (XCD),,,,"$1.185 billion (nominal, 2018)[1] $1.732 billion (PPP, 2018)[1])",,4.2% (2018) 3.1% (2019e)−9.6% (2020f) 6.5% (2021f)[2],"$10,939 (nominal, 2018 est.)[1] $15,996 (PPP, 2018 est.)[1]",,agriculture: 11%; industry: 20%; services: 69% (2008 est.),,0.806% (2018)[1],38% (2008 est.) [3],,0.763 high (2018)[4] (78th)N/A IHDI (2018)[5],,,33.5% (2008 est.),"nutmeg, bananas, cocoa, fruit and vegetables, clothing, mace","146th (medium, 2020)[6]","nutmeg, bananas, cocoa, fruit and vegetables, clothing, mace",Nigeria 44.7%   St. Lucia 10.8%   Antigua and Barbuda 7.3%   St. Kitts and Nevis 6.6%   Dominica 6.6%   United States 5.8% (2012 est.)[7],"food, manufactured goods, machinery, chemicals, fuel",Trinidad and Tobago 49.6%   United States 16.4% (2015 est.)[8] Israel 4.4% (2015 est.)[8] EU 2.8% (2015 est.)[8],,,,$538 million (2010),,$175.3 million (2009 est.),$215.9 million (2009 est.),B- (Domestic)B- (Foreign)BBB- (T&C Assessment)(Standard & Poor's)[9],,CARICOM,,"59,900 (2013 est.)","agriculture 11%, industry 20%, services 69% (2008 est.)",,$8.3 million (1995),,,,,
160,Aruba,111904,0.00142%,2542,73.3%,2018,"1320
","2019
",,,,,,,Aruban florin (AWG)   1 US$ = 1.79 AWG (2014),Calendar year,,,"$3.369 billion (nominal, 2019 est.)[1] $4.377 billion (PPP, 2019 est.)[1]",,0.5% (2016) 2.3% (2017)1.2% (2018e) 0.7% (2019e),"$28,898 (nominal, 2019 est.)[1] $37,576 (PPP, 2019 est.)[1]",,"agriculture: 0.4%, industry: 33.3%, services: 66.3% (2002 est.)",,3.579% (2018)[1],N/A%,,,,,6.9% (2005 est.),"tourism, petroleum transshipment facilities, and banking",,"live animals and animal products, art and collectibles, machinery and electrical equipment, and transport equipment",United States 33.0%   Colombia 20.8%   Venezuela 14.6%   Netherlands 9.2%   Canada 6.2%   Panama 4.6%  (2014 est.) [3],"machinery and electrical equipment, refined oil for bunkering and re-export, chemicals; and foodstuffs",United States 51.4%   Venezuela 13.5%   Netherlands 12.5%   France 8.6%  (2014 est.) [4],,,,$533.4 million (2005 est.),,,,,,,,"51,610 (2007 est.)","agriculture: NA%, industry: NA%, services: NA%",,,,,,,
161,Jersey,107800,0.00137%,,,,,,,,,,,,"Pound sterling (GBP, £) Jersey pound (JEP, £)",1 January - 31 December,,,£4.89 billion ($6.63 billion) (2019)[1],,,"£45,320 (2019)[1]",,,,RPI 2.7% (March 2020)[2],,,,,,4.7% (March 2011 est.)[4],"Financial and legal services, construction, retail and wholesale, manufacturing, agriculture, transport and communications. (2008).[5]",,"light industrial and electrical goods, dairy cattle, foodstuffs, textiles, flowers[6]","United Kingdom,  France","machinery and transport equipment, manufactured goods, foodstuffs, mineral fuels, chemicals[6]","United Kingdom,  France",,,$NA,,,$846 million (2011 est.)[3],$928 million (2011 est.)[3],,,,,"53,790 (December 2011)[3]","financial and legal (24%), wholesale and retail (16%), public sector (13%) (2011)[3]",,None.,"£2,816 / $4,363 mean monthly (2011)[3]",,,,
162,Tonga,99532,0.00127%,112,22.3%,2019,"201.1
","2019
", New Zealand," New Zealand
",,,,,pa'anga (T$),1 July - 30 June,,,"$0.488 billion (nominal, 2018)[1] $0.617 billion (PPP, 2018)[1]",187th (nominal) / 183rd (PPP),4.7 (2016) 2.7% (2017)1.5% (2018) 3.5% (2019e)[1],"$4,858 (nominal, 2018)[1] $6,148 (PPP, 2018)[1]",,"agriculture: 20.4%, industry: 18.6%, services: 61% (2011 est.)",,2.914% (2018)[1],16% (FY09/10),,,,,8% (FY09/10),"tourism, construction,  fishing",85th (2017)[2],"squash, fish, vanilla beans, root crops, domain names",South Korea 17.8%   United States 16.4%   New Zealand 15.1%   Fiji 10.9%   Japan 9.2%   Samoa 9.1%   American Samoa 5.8%   Australia 5.0% (2012 est.)[3],"foodstuffs, machinery and transport equipment, fuels, chemicals",Fiji 38.0%   New Zealand 23.5%   United States 10.1%   China 9.9% (2012 est.)[4],,,,$50 million (2010),,$109.5 million (2011 est.),$109.5 million (2011 est.),,,none,,"47,320 (2011)","agriculture 31.8%, industry 30.6%, services 37.6% (2003 est.)",,"Australia $5.5 million, New Zealand $2.3 million (FY01/02)",,,,,
163,Seychelles,98963,0.00126%,1634,68.9%,2019,"1474
","2019
", European Union," European Union
",,,,,"Seychellois rupee (SCR, SR)",calendar year,,Developing/Emerging[1]High-income economy[2],"$1.583 billion (nominal, 2018 est.)[3] $2.901 billion (PPP, 2018 est.)[3]","170th (nominal, 2018)168th (PPP, 2018)",4.3% (2017) 4.1% (2018)3.5% (2019e) -10.8% (2020f)[4],"$16,575 (nominal, 2018 est.)[3] $30,383 (PPP, 2018 est.)[3]","48th (nominal, 2018)46th (PPP, 2018)",agriculture: 2.5%industry: 13.8%services: 83.7%(2017)[5],,3.699% (2018)[3],39.3% (2013 est.)[5],46.8 high (2013)[6],0.801 very high (2018)[7] (62nd) N/A IHDI (2018)[8],,,3.7% (2017)[9],"fishing, tourism, beverages","100th (medium, 2020)[10]","canned tuna, frozen fish, petroleum products (reexports)",United Arab Emirates 28.5% France 24% United Kingdom 13.8% Italy 8.9% Germany 4.6%(2017)[5],"machinery and equipment, foodstuffs, petroleum products, chemicals, other manufactured goods",United Arab Emirates 13.4% France 9.4% Spain 5.7% South Africa 5%(2017)[5],,−$307 million (2017 est.)[5],$2.559 billion (31 December 2017 est.)[5],63.6% of GDP (2017 est.)[5],−0.5% (of GDP) (2017 est.)[5],593.4 million (2017 est.)[5],600.7 million (2017 est.)[5],,$545.2 million (31 December 2017 est.)[5],"AU, AfCFTA (signed), WTO, COMESA, SADC",,"47,210 (2017 est.)[5]",agriculture: 3%industry: 23%services: 74%(2006)[5],,,,,,,
164,Andorra,78015,0.000993%,,,,"1484
","2019
",,"
",,,,,Euro (EUR),Calendar year,,,"$3.163 billion (PPP, 2012 est.)","180th (PPP, 2012 est.)","-1.6% (Real, 2012 est.)","$37,200 (PPP, 2012 est.)",,"agriculture 11.9%, industry 33.6%, services 54.5% (2015 est.)",,"1.1% (CPI, 2012 est.)",no data,,,,,2.9% (2012 est.),"tourism (particularly skiing), cattle raising, timber, banking, tobacco, furniture",,"tobacco products, furniture",,"consumer goods, food, electricity",,,,,no data,,$403 million (2011),$470 million (2011),A (Domestic)A (Foreign)AAA (T&C Assessment)(Standard & Poor's)[2],,EU customs union,,"36,060 (2012)","agriculture 0.4%, industry 4.7%, services 94.9% (2010)",,no data,,,,,
165,Dominica,72000,0.000916%,162,51.6%,2018,"597.3
","2019
", Trinidad and Tobago," United States
",,,,,East Caribbean Dollar,1 July - 30 June,,,"$0.533 billion (nominal, 2018 est.)[1] $0.763 billion (PPP, 2018 est.)[1]",,0.5% (2018) 9.6% (2019e)−4.0% (2020f) 4.0% (2021f)[2],"$7,542 (nominal, 2018 est.)[1] $10,787 (PPP, 2018 est.)[1]",,"agriculture (15.7%), industry (15.6%), services (68.7%) (2013[update])",,1.359% (2018)[1],29% (2009[update]),,,,,23% (2000[update]),"soap, coconut oil, tourism, copra, furniture, cement blocks, shoes","111th (medium, 2020)","bananas, soap, bay oil, vegetables, grapefruit, oranges",Japan 38.8% Jamaica 8.3% Antigua and Barbuda 7.7% Guyana 6.5% Paraguay 5.6% Trinidad and Tobago 4.2%,"manufactured goods, machinery and equipment, food, chemicals",Japan 39.3% United States 15.6% China 13.5% EU 5.1% (2012),,,274.9 million (2013[update]),,,$148.1 million (2013[update]),$185.2 million (2013[update]),,$90 million (31 December 2013 est.)[3],"WTO, CARICOM",,"25,000 (2000[update])","agriculture 40%, industry 32%, services 28% (2002[update])",,,,,,,
166,Bermuda,64055,0.000815%,1578,47.7%,2018,"1119
","2019
",,,,,,,,,,,,,,,,,,,,,,,,,,,,,,,,,,,,,,,,,,,,,,,,,,
167,Guernsey,63155,0.000803%,,,,,,,,,,,,,,,,,,,,,,,,,,,,,,,,,,,,,,,,,,,,,,,,,,,,,,,
168,Greenland,56421,0.000718%,,,,"1015
","2019
",,,,,,,"Danish krone (DKK, kr.)",calendar year,,High-income economy[1],"$2.714 billion (nominal, 2016)[3] $2.413 billion (PPP, 2015 est.)[4]","— (nominal, 2017)— (PPP, 2015)",−2.5% (2015) 4.7% (2016)0.5% (2017) 3.2% (2018)[5],"$48,296 (nominal, 2016)[6] $41,800 (PPP, 2015 est.)[4]","— (nominal, 2017)— (PPP, 2015)",agriculture: 15.9%industry: 10.1%services: 73.9%(2015 est.)[4],,,16.2% (2015 est.)[4],33.9 medium (2015 est.)[4],"0.839 high (2010)(N/A rank, non-UN member)",,,9.1% (2015 est.)[4],"fish processing (mainly shrimp and Greenland halibut); Oil, gold, niobium, tantalite, uranium, iron, and diamond mining; handicrafts, hides, skins, small shipyards",,fish and fish products 91% (2015 est.),Denmark 82.5% Iceland 4.4%(2017)[4],"machinery and transport equipment, manufactured goods, food, petroleum products",Denmark 69.7% Sweden 10.5%(2017)[4],,,$36.4 million (2010)[4],13% of GDP (2015 est.)[4],+5.6% (of GDP) (2016 est.)[4],1.719 billion (2016 est.)[4],1.594 billion (2016 est.)[4],,,,,"26,840 (2015 est.)[4] 60% employment rate (2015)[7]",agriculture: 15.9%industry: 10.1%services: 73.9%(2015 est.)[4],,$650 million subsidy from the Kingdom of Denmark (2012),,,,,
169,Liechtenstein,39062,0.000497%,,,,"2188
","2018[6]
",,"
",,,,,Swiss franc (CHF),,,High-income economy[1],"$6.215 billion (nominal, 2018)[3]",,"1.8% (real, 2011 est.)","$165,028 (2016)[4]",,Agriculture: 7%; industry: 41%; services: 52% (2014),,"−0.4% (CPI, 2016)",N/A,N/A,0.917 very high (2018)[5] (18th),,,1.8% (2019)[6],"Electronics, metal manufacturing, dental products, ceramics, pharmaceuticals, financial services, food products, precision instruments, tourism, optical instruments",,"Small specialty machinery, connectors for audio and video, parts for motor vehicles, dental products, hardware, prepared foodstuffs, electronic equipment, optical products",n/av,"Agricultural products, raw materials, energy products, machinery, metal goods, textiles, foodstuffs, motor vehicles",,,,"0% (2001) debt holder of Switzerland, Austria and US",N/A,,$1.29 billion (2011 est.),$1.372 billion (2011 est.),Standard & Poor's:[7]AAA (Domestic)AAA (Foreign)AAA (T&C Assessment)Outlook: Stable[8],,,,"38,520 (2012) (2015 est.), 51% of whom commute daily from Austria, Switzerland, or Germany",Agriculture: 0.8%; industry: 39.4%; services: 59.95% (2010),,,,,,,
170,Monaco,38100,0.000485%,,,,"1371
","2017 est.[7]
",,"
",,,,,"Euro (EUR, €)",calendar year,,High-income economy[1],"$7.185 billion (nominal, 2018)[3] $7.672 billion (PPP, 2015 est.)[4]","145th (nominal, 2017)158th (PPP, 2015)",4.9% (2015) 3.5% (2016)−3.4% (2017) 6.1% (2018)[5],"$185,741 (nominal, 2018)[6] $115,700 (PPP, 2015 est.)[4]","1st (nominal, 2017)3rd (PPP, 2015)",agriculture: 0%industry: 14%services: 86%(2013)[4],,1.5% (2010)[4],NA[4],,0.956 very high (2008)[7],,,2% (2012)[4],"banking, insurance, tourism, construction, small-scale industrial and consumer products[4]",,,,,,,,NA[4],,−1% (of GDP) (2011 est.)[4],896.3 million (2011 est.)[4],953.6 million (2011 est.)[4],,,EUCU,,"52,000 (2014 est.)[4][note 1]47.9% employment rate (2016)[8]",agriculture: 0%industry: 16.1%services: 83.9%(2012 est.)[4],,,,,,,
171,,34065,0.000433%,,,,,,,,,,,,,,,,,,,,,,,,,,,,,,,,,,,,,,,,,,,,,,,,,,,,,,,
172,Gibraltar,34003,0.000433%,,,,"8663
","2019
",,,,,,,Pound Sterling,1 July - 30 June,,,£2.344 billion (2018),,5.9% (2018)[1],"$92,843(2016)[1]",,"agriculture 0%, industry 0%, services 100% (2008 est.)",,2.6% (2006),n/av,n/av,,,,3% (2005 est.),"tourism, banking and finance, ship repairing tobacco",,"(principally reexports) petroleum 51%, manufactured goods 41%, other 8%",n/av,"fuels, manufactured goods, foodstuffs",n/av,,,n/av,7.5% of GDP (2008 est.),,$475.8 million (2008 est.),$452.3 million (2008 est.),,,"EU, OECD and WTO",,"12,690 (including non-Gibraltar laborers) (2001)","agriculture - negligible, industry 40%, services 60% (2001)",,,,,,,
173,Palau,17957,0.000228%,30.3,56.3%,2018,"110.7
","2019
",,"
",,,,,United States dollar,1 October - 30 September,,,"$0.291 billion (nominal, 2019 est.)[1] $0.282 billion (PPP, 2019 est.)[1]",,0.8% (2016) −3.5% (2017)1.7% (2018) 0.3% (2019e)[1],"$16,736 (nominal, 2019 est.)[1] $16,235 (PPP, 2019 est.)[1]",,"agriculture (3%), industry (19%), services (78%) (2016 estimate)[2]",,1.574% (2018)[1],,,,,,,,,,,,,,,,,,,,,,,,,,,,,,,,
174,Anguilla,15000,0.000191%,,,,"108.3
","2019
",,,,,,,East Caribbean dollar (XCD)  1 US$ = 2.7 XCD (2014),1 April - 31 March,,,-8.5% (2009 est.),,,"$12,200 (2008 est.)",,agriculture: (2.6%) industry: (24.4%) services: (73%) (2014 est.),,3.1% (2014 est.),23% (2002 est.),,,,,8% (2002 est.),"tourism, boat building, offshore financial services",,"lobster, fish, livestock, salt, concrete blocks, rum",United Kingdom N/A%   United States N/A%   Puerto Rico N/A%   Saint Martin N/A%,"fuels, foodstuffs, manufactures, chemicals, trucks, textiles",United States N/A%   Puerto Rico N/A%   United Kingdom N/A%   Trinidad and Tobago N/A%,,,,$8.8 million (1998),,,,,,"OECS, CARICOM (associate)",,"6,049 (2001 est.)","agriculture: 4%, industry: 21%, services: 75% (2000 est.)",,$9  million (2004),,,,,
175,Nauru,11832,0.000151%,31,20%,2018,"96.77
","2019
",,"
",,,,,Australian dollar (A$ or AUD),1 July – 30 June,,Developing/Emerging[1]Upper-middle income economy[2],"$0.112 billion (nominal, 2018)[4] $0.113 billion (PPP, 2018)[4]",192nd (nominal) /195th (PPP),3.0% (2016) −5.5% (2017)−1.5% (2018) 1.5% (2019e)[4],"$8,562 (nominal, 2018 est.)[4] $8,700 (PPP, 2018 est.)[4]",,"Agriculture: 6.1%, industry: 33%, services: 60.8% (2009 est.)",,0.463% (2018 est.)[4],,,,,,23% (2011)[5],"Phosphate mining, offshore banking, coconut products",,"Phosphate, coconut products[6]","Nigeria 38.6%, Japan 16.6%, Australia 15.9%, South Korea 13.7%, NZ 5.7% (2017)[6]","Food, fuel, manufactures, building materials, machinery[6]","Australia 67.5%, Fiji 9.2%, India 8.1%, Singapore 5.4% (2017)[6]",,,US$33.3 million (2004 est.)[6],62% of GDP (2017 est.)[6],,US$103 million (2017 est.)[6],US$113.4 million (2017 est.)[6],,,,,,,,,,,,,
176,Tuvalu,10679,0.000136%,,,,"90.59
","2019
",,"
",,,,,,,,,"$0.042 Billion (nominal, 2018 est.)[1] $0.044 Billion (PPP, 2018 est.)[1]",,3.0% (2016e) 3.2% (2017e)4.3% (2018e) 4.1% (2019e)[1],"$3,796 (nominal, 2018 est.)[1] $4,053 (PPP, 2018 est.)[1]",,,,2.145% (2018)[1],,,,,,,,,,,,,,,,,,,,,,,,,,,,,,,,
177,Montserrat,5000,0%,,,,"20.87
","2019
",,,,,,,,,,,,,,,,,,,,,,,,,,,,,,,,,,,,,,,,,,,,,,,,,,
178,Niue,1549,0%,,,,"21.38
","2019
",,"
",,,,,,,,,,,,,,,,,,,,,,,,,,,,,,,,,,,,,,,,,,,,,,,,
179,Tokelau,1501,0%,,,,"12.23
","2019
",,,,,,,,,,,,,,,,,,,,,,,,,,,,,,,,,,,,,,,,,,,,,,,,,,
180,Scotland,,,,,,"25400
","2019[3]
",,,,,,,Pound Sterling (GBP£),1 April – 31 March,,,$205 billion(2020 Q2 est.)[2],,-21.9% (Q2 2020)[2],"$37,460[2]",,Agriculture: 1%Construction: 6%Production: 18%Services: 75% (2016 est.),,1.6% (YTD January 2017),"15% (UK, 2014 est.)[3]","0.332 (UK, 2015)[4]",,,,3.4%[6],"Fishing, Food & Drink, Forestry, Oil & Gas, Renewable Energy, Textiles, Tourism",8th (UK)(2020)[7],"Fish, Confectionery, Oil & Gas, Renewable Energy, Scotch Whisky, Textiles, Timber, Water",United Kingdom 60%  WTO Rest of the World 21% EU European Union 19%[9]   United States £5.5 bn  France £3.0 bn  Netherlands £2.8 bn  Germany £2.5 bn  Belgium £1.3 bn,,United Kingdom  European Union   United States   Canada   Japan   China,,,,,,,,,,"WTO, OECD, AIIB",,"2,610,000 (2017 est.)[5]",,,,"£2,480 / €3,373 / $3,814 monthly (2014)",,,"£1,730 / €2,064 / $2,793 monthly (2011)",
181,Bonaire,,,,,,"353.2
","2019
",,,,,,,,,,,,,,,,,,,,,,,,,,,,,,,,,,,,,,,,,,,,,,,,,,
